@book{marsh1988a,
	author    = {Marsh, C.},
	title     = {Exploring data: an introduction to data analysis for social scientists},
	year      = {1988},
	address   = {Cambridge},
	publisher = {Polity Press},
}

@book{singer2003a,
	author    = {Singer, J. D. and Willett, J. B.},
	year      = {2003},
	title     = {Applied longitudinal data analysis: modeling change and event occurrence},
	address   = {Oxford},
	publisher = {Oxford University Press},
}

@book{wilkinson2009a,
	author    = {Wilkinson, R. G and Pickett, K.},
	year      = {2009},
	title     = {The spirit level: why equality is better for everyone},
	address   = {London},
	publisher = {Penguin},
}

@book{putnam2001a,
	author    = {Putnam, R.},
	year      = {2001},
	title     = {Bowling alone: The collapse and revival of {A}merican community},
	publisher = {{Simon and Schuster}},
}

@article{thoits2011a,
	Author  = {Thoits, Peggy A.},
	Year    = {2011},
	Title   = {Mechanisms linking social ties and support to physical and mental health},
	Journal = {Journal of Health and Social Behavior},
	Volume  = {52},
	Number  = {2},
	Pages   = {145--161},
}

@article{buck2012a,
	Author  = {Buck, N. and McFall, S.},
	Journal = {Longitudinal and Life Course Studies},
	Number  = {1},
	Pages   = {5--17},
	Title   = {Understanding Society: design overview},
	Volume  = {3},
	Year    = {2012},
}

@other{nomis2013a,
	Author      = {{Nomis}},
	Year        = {2013},
	Title       = {2011 Census Data for {E}ngland and {W}ales on {N}omis},
	Url         = {http://www.nomisweb.co.uk/census/2011},
	urldate     = {2014-06},
}

@other{census,
  author = {{Office for National Statistics} and {National Records of Scotland} and {Northern Ireland Statistics and Research Agency}},
  year   = {2017},
  title  = {2011 Census aggregate data},
}

@other{understandingsociety,
  author    = {{University of Essex. Institute for Social and Economic Research} and {NatCen Social Research} and {Kantar Public}},
  year      = {2016},
  title     = {Understanding {S}ociety: Waves 1--6, 2009--2015, [data collection]{SN}: 6614},
  publisher = {UK Data Service},
  edition   = {8th},
  doi       = {http://doi.org/10.5255/UKDA-SN-6614-9},
  urldate   = {2017-08},
}

@manual{understandingsociety2016a,
	Author    = {{University of Essex} and {Institute for Social and Economic Research} and {NatCen Social Research} and {Kantar Public}},
	Year      = {2016},
	Title     = {Understanding Society: Waves 1--6, 2009-2015 [data collection; serial number: 6614]},
	Edition   = {8th},
	Publisher = {UK Data Service [distributor]},
	Address   = {Colchester, Essex},
	URL       = {http://dx.doi.org/10.5255/UKDA-SN-6614-6},
	urldate   = {2017-02}
}

@other{boundaries,
  author = {{Office for National Statistics}},
  year   = {2011},
  title  = {2011 {C}ensus: Digitised Boundary Data ({E}ngland and {W}ales) [computer file]},
  publisher = {UK Data Service Census Support},
  url = {\url{https://borders.ukdataservice.ac.uk/}},
  urldate = {31 August 2017},
}

@other{boundaries-scot,
  author = {{National Records of Scotland}},
  year   = {2011},
  title  = {2011 {C}ensus: Digitised Boundary Data ({S}cotland) [computer file]},
  publisher = {UK Data Service Census Support},
  url = {\url{https://borders.ukdataservice.ac.uk/}},
  urldate = {31 August 2017},
}

@other{hawaii-boundary,
  author = {{Biogeo}},
  year   = {2016},
  title  = {Global {A}dministrative {B}oundaries ({GADM})},
  url = {http://data.biogeo.ucdavis.edu/},
  urldate = {2017-05},
}

@other{nomis2013b,
	Author  = {{Nomis}},
	urldate = {2014-11},
	Title   = {General Health},
	Url     = {http://www.nomisweb.co.uk/census/2011/qs302ew},
	Year    = {2013},
}

@other{nomis2013c,
	Author  = {Nomis},
	urldate = {2014-10},
	Title   = {Households by deprivation dimensions},
	Url     = {http://www.nomisweb.co.uk/census/2011/qs119ew},
	Year    = {2013},
}

@other{nomis2013d,
	Author  = {Nomis},
	urldate = {2014-11},
	Title   = {Long--term health problem or disability},
	Url     = {http://www.nomisweb.co.uk/census/2011/qs303ew},
	Year    = {2013},
}

@other{nomis2013e,
  author  = {Nomis},
  year    = {2013},
  title   = {{QS601EW} - economic activity},
  url     = {https://www.nomisweb.co.uk/census/2011/qs601ew.pdf},
  urldate = {2017-03},
}

@other{nomis2014a,
  author  = {Nomis},
  year    = {2014},
  title   = {{QS409UK} - persons per room - households},
  url     = {https://www.nomisweb.co.uk/census/2011/qs409uk.pdf},
  urldate = {2017-03},
}

@other{ukds2014a,
	Author  = {{UK Data Service}},
	urldate = {2015-10},
	Title   = {2011 Microdata Plans},
	Url     = {http://census.ukdataservice.ac.uk/get-data/microdata/2011-micro-plans.aspx},
	Year    = {2014},
}

@phdthesis{lovelace2013a,
	Author = {Lovelace, R.},
	School = {University of Sheffield},
	Title  = {The energy costs of commuting: a spatial microsimulation approach},
	Year   = {2013},
	url    = {http://etheses.whiterose.ac.uk/id/eprint/5027},
}

@article{anderson2007a,
	Author    = {Anderson, B.},
	Title     = {Creating small--area Income Estimates: spatial microsimulation modelling},
	Year      = {2007},
	publisher = {{Department for Communities and Local Government}},
}

@phdthesis{albor2011a,
	Author = {Albor, C.},
	School = {University of York},
	Title  = {Are Poor People Healthier in Rich or Poor Areas?: The Psychosocial Effects of Socioeconomic Incongruity in the Neighbourhood},
	Url    = {\url{http://goo.gl/NTs8Qz}},
	Year   = {2011},
}

@incollection{ballas2011a,
	Author    = {Ballas, D. and Dorling, D.},
	Year      = {2011},
	Title     = {Human--scaled visualizations and society},
	Editor    = {Nyerges, T.L. and Couclelis, H. and McMaster, R.},
	Booktitle = {The {S}age Handbook of {GIS} and Society},
	Pages     = {177--201},
	Address   = {London},
	Publisher = {Sage},
}

@article{barford2006a,
	Author  = {Barford, Anna and Dorling, D.},
	Year    = {2006},
	Title   = {A New Approach to Mapping the World: Visualizing Facets of International Health},
	Journal = {National Medical Journal of India},
	Volume  = {4},
	Number  = {19},
	Pages   = {234-235},
}

@incollection{bartley2006a,
	Address   = {Oxford},
	Author    = {Bartley, Mel and Ferrie, Jane and Montgomery, Scott M.},
	Booktitle = {Social Determinants of Health},
	Edition   = {2nd},
	Editor    = {Marmot, Michael and Wilkinson, R. G},
	Publisher = {Oxford University Press},
	Title     = {Health and labour market disadvantage: unemployment, non--employment, and job insecurity},
	Year      = {2006}
}

@other{bears2013a,
	Author  = {{BEARS}},
	urldate = {2014-03},
	Title   = {{B}uilding {E}conomies and {R}esilient {S}ocieties},
	Url     = {http://bears.group.shef.ac.uk/phdindex.html},
	Year    = {2013},
}

@book{black1982a,
	Address = {Harmondsworth},
	Author  = {Black, Douglas and Morris, J. N. and Smith, Cyril and Townsend, Peter},
	Publisher = {Penguin},
	Title     = {Inequalities in health: The {B}lack report},
	Year      = {1982},
}

@incollection{blaxter2010a,
	Address = {London},
	Author = {Blaxter, M.},
	Chapter = {How is Health Experienced},
	Edition = {2nd},
	Editor = {Douglas, Jenny and Earle, Sarah and Handsley, Stephen and Jones, Linda J. and Lloyd, Cathy E. and Spurr, Sue},
	Publisher = {Sage},
	Title = {A Reader in Promoting Public Health},
	Year = {2010}
}

@incollection{brunner2006a,
	Author    = {Brunner, Eric and Marmot, Michael},
	Year      = {2006},
	Title     = {Social organization, stress, and health},
	Editor    = {Marmot, Michael and Wilkinson, R. G},
	Booktitle = {Social Determinants of Health},
	Edition   = {2nd},
	Address   = {Oxford},
	Publisher = {Oxford University Press},
}

@phdthesis{cairns2013a,
	Author  = {Cairns, Joanne Marie},
	Year    = {2013},
	Title   = {Defying the odds?: Identifying and understanding the relationship between health and resilience},
	url     = {http://etheses.dur.ac.uk/127/1/FINAL_REVISED_JMC_THESIS_2013.pdf},
	School  = {University of Durham},
	urldate = {2017-04},
}

@phdthesis{campbell2011a,
	Author = {Campbell, Malcolm H},
	Year   = {2011},
	Title  = {Exploring the social and spatial inequalities of ill-health in {S}cotland: A spatial microsimulation approach.},
	School = {University of Sheffield},
	Url    = {http://etheses.whiterose.ac.uk/1942/},
}

@book{crawley2005a,
	Address = {Chichester},
	Author = {Crawley, Michael J.},
	Keywords = {statistics, R},
	Publisher = {Whiley},
	Title = {Statistics: An Introduction Using {R}},
	Year = {2005}
	}

@book{daly1991a,
	Address = {Oxford},
	Author = {Daly, Leslie and Bourke, Geoffrey and McGilvray, James},
	Edition = {4th},
	Keywords = {medical statistics, vital statistics},
	Publisher = {Blackwell Scientific Publications},
	Title = {Interpretation and Uses of Medical Statistics},
	Year = {1991}
}

@other{comlocgov2011a,
	Author  = {{Department for Communities and Local Government}},
	Year    = {2011},
	Title   = {English Indices of Deprivation 2010},
	urldate = {2014-01},
	url = {https://www.gov.uk/government/publications/english-indices-of-deprivation-2010},
}

@other{comlocgov2015a,
  author  = {{Department for Communities and Local Government}},
  year    = {2015},
  title   = {English indices of deprivation 2015},
  url     = {https://www.gov.uk/government/statistics/english-indices-of-deprivation-2015},
  urldate = {2017-01}
}

@other{comlocgov2015b,
  author    = {Smith, Tom and Noble, Michael and Noble, Stefan and Wright, Gemma and McLennan, David and Plunkett, Emma},
  year      = {2015},
  title     = {The {E}nglish indices of multiple deprivation 2015: technical report},
  url       = {https://www.gov.uk/government/uploads/system/uploads/attachment_data/file/464485/English_Indices_of_Deprivation_2015_-_Technical-Report.pdf},
  publisher = {Department for Communities and Local Government},
  urldate   = {2017-01}
}

@book{donaldson2009a,
	Address   = {Abingdon},
	Author    = {Donaldson, Liam J. and Scally, Gabriel},
	Edition   = {3rd},
	Publisher = {Radcliffe},
	Title     = {Essential Public Health},
	Year      = {2009}
}

@other{dmbc2011a,
	Author  = {{{Doncaster Metropolitan Borough Council}}},
	urldate = {2013-10},
	Title   = {Ward List},
	Url     = {http://goo.gl/uGI2dp},
	Year    = {2011}
}

@article{doran2006a,
	Author  = {Doran, Tim and Drever, Frances and Whitehead, Margaret},
	Year    = {2006},
	Title   = {Health underachievement and overachievement in {E}nglish local authorities},
	Journal = {Journal of Epidemiology and Community Health},
	Volume  = {60},
	Pages   = {686--693},
}

@incollection{dorn2010a,
	Address = {London},
	Author  = {Dorn, Michael L. and Keirns, Carla C.},
	Chapter = {Disability, {H}ealth and {C}itizenship},
	Editor  = {Smith, Susan J. and Pain, Rachel and Marston, Sally A. and Jones III, John Paul},
	Pages = {99-112},
	Publisher = {Sage},
	Title = {The {S}age {H}andbook of {S}ocial {G}eographies},
	Year = {2010}
}

@other{esri2012a,
	Author  = {{{esri}}},
	urldate = {2013-11},
	Title   = {What is the {J}enks optimization method?},
	Url     = {http://support.esri.com/en/knowledgebase/techarticles/detail/26442},
	Year    = {2012}
}

@other{eurostat2013a,
	Author      = {{Eurostat Task Force}},
	Institution = {Eurostat},
	Title       = {Revision of the {E}uropean {S}tandard {P}opulation},
	Url         = {http://goo.gl/KiW1J3},
	Year        = {2013},
}

@book{field2009a,
	Address = {London},
	Author = {Field, Andy},
	Publisher = {Sage},
	Title = {Discovering Statistics Using SPSS},
	Edition = {3rd},
	Year = {2009}
}

@book{field2012a,
	Author    = {Field, Andy and Miles, Jeremy and Field, Zo\"{e}},
	Year      = {2012},
	Title     = {Discovering statistics Using {R}},
	Address   = {London},
	Publisher = {Sage},
}

@article{gastner2004a,
	Author = {Gastner, Michael T and Newman, M E J},
	Journal = {{{Proceedings of the National Academy of Sciences in the United States of America}}},
	Number = {20},
	Pages = {7499-7504},
	Title = {Diffusion-based method for producing density equalizing maps},
	Volume = {101},
	Year = {2004}
}

@incollection{glasby2011a,
	Address = {Bristol},
	Author = {Glasby, Jon},
	Chapter = {Introduction: Academics live in Ivory Towers v All policy makers are charlatans},
	Editor = {Glasby, Jon},
	Publisher = {Policy Press},
	Title = {Evidence, Policy and Practice: Critical Perspectives in Health and Social Care},
	Year = {2011}
}

@book{griffiths1997a,
	Address = {Philadelphia},
	Author = {Griffiths, David F. and Higham, Desmond J.},
	Publisher = {Society for Industrial and Applied Mathematics (SIAM)},
	Title = {Learning \LaTeX},
	Year = {1997}
}

@incollection{kearns2010a,
	Address = {London},
	Author = {Kearns, Robin A. and Andrews, Gavin J.},
	Chapter = {Geographies of {W}ellbeing},
	Editor = {Smith, Susan J. and Pain, Rachel and Marston, Sally A. and Jones III, John Paul},
	Pages = {309-324},
	Publisher = {Sage},
	Title = {The {S}age {H}andbook of {S}ocial {G}eographies},
	Year = {2010}
}

@incollection{marmot2006b,
	Address   = {Oxford},
	Author    = {Marmot, Michael},
	Booktitle = {Social Determinants of Health},
	Edition   = {2nd},
	Editor    = {Marmot, Michael and Wilkinson, R. G},
	Publisher = {Oxford University Press},
	Title     = {Introduction},
	Year      = {2006}
}

@incollection{mcmunn2006a,
	Author    = {McMunn, Anne and Breeze, Elizabeth and Goodman, Alissa and Nazroo, James and Oldfield, Zoe},
	Year      = {2006},
	Title     = {Social determinants of health in older age},
	Editor    = {Marmot, Michael and Wilkinson, R. G},
	Booktitle = {Social Determinants of Health},
	Edition   = {2nd},
	Address   = {Oxford},
	Publisher = {Oxford University Press},
}

@incollection{mitchell2010a,
	Address = {London},
	Author = {Mitchell, Rich},
	Chapter = {Health, {R}isk and {R}esilience},
	Editor = {Smith, Susan J. and Pain, Rachel and Marston, Sally A. and Jones III, John Paul},
	Pages = {329-350},
	Publisher = {Sage},
	Title = {The {S}age {H}andbook of {S}ocial {G}eographies},
	Year = {2010}
}

@article{mitchell2009a,
	Author  = {Mitchell, R. and Gibbs, J. and Tunstall, H. and Platt, S. and Dorling, D.},
	Year    = {2009},
	Title   = {Factors which nurture geographical resilience in {B}ritain: a mixed methods study},
	Journal = {Journal of Epidemiology and Community Health},
	Volume  = {63},
	pages   = {18--23},
}

@other{ons2014a,
	Author  = {{{Office for National Statistics}}},
	urldate = {2014-02},
	Title   = {Implementation of the revised (2013) {E}uropean {S}tandard {P}opulation: {ONS} timetable},
	Url     = {https://goo.gl/9W9tmu},
	Year    = {2014},
}

@other{ons2013a,
	Author = {{Office for National Statistics}},
	urldate = {2014-02},
	Title = {Age standardised mortality rate calculation template 2013},
	Url = {http://www.ons.gov.uk/ons/guide-method/user-guidance/health-and-life-events/age-standardised-mortality-rate-calculation-template-2013.xls},
	Year = {2013}
}

@other{ons2011a,
	Author  = {{{Office for National Statistics}}},
	Title   = {2011 {C}ensus: Aggregate Data ({E}ngland and {W}ales)},
	Url     = {http://infuse.mimas.ac.uk},
	Urldate = {2011-10},
	Year    = {2011},
}

@other{ons2011b,
	Author  = {{{Office for National Statistics}}},
	Title   = {2011 {C}ensus: Digitised Boundary Data ({E}ngland and {W}ales)},
	Url     = {http://census.ukdataservice.ac.uk/get-data/boundary.aspx},
	Urldate = {2013-10},
	Year    = {2011},
}

@other{osm2013a,
	Author  = {{{Open Street Map}}},
	urldate = {2013-12},
	Title   = {Open Street Map Data Extracts},
	Url     = {http://download.geofabrik.de/},
	Year    = {2013}
}

@incollection{pain2010a,
	Address = {London},
	Author = {Pain, Rachel and Smith, Susan J.},
	Chapter = {Introduction: {G}eographies of {W}ellbeing},
	Editor = {Smith, Susan J. and Pain, Rachel and Marston, Sally A. and Jones III, John Paul},
	Pages = {299-307},
	Publisher = {Sage},
	Title = {The {S}age {H}andbook of {S}ocial {G}eographies},
	Year = {2010}
}

@article{plewis2007a,
	Author = {Plewis, Ian},
	Journal = {International Journal of Social Research Methodology},
	Number = {5},
	Pages = {325--334},
	Publisher = {Taylor \& Francis},
	Title = {Non-response in a birth cohort study: the case of the {M}illennium {C}ohort {S}tudy},
	Volume = {10},
	Year = {2007}
}

@article{popham2011a,
	Author  = {Popham, Frank and Boyle, Paul J.},
	Journal = {Journal of Public Health},
	Number  = {3},
	Pages   = {453--458},
	Title   = {Is there a `Scottish effect' for mortality? Prospective observational study of census linkage studies},
	Volume  = {33},
	Year    = {2011}
}

@article{schoon2003a,
	Author  = {Schoon, Ingrid and Sacker, Amanda and Bartley, Mel.},
	Journal = {Social Science and Medicine},
	Title   = {Socio-economic adversity and psychosocial adjustment: a developmental-contextual perspective},
	Year    = {2003}
}

@incollection{nyerges2011a,
	Address   = {London},
	Author    = {Schuurman, Nadine and Bell, Nathaniel},
	Booktitle = {The Sage Handbook of GIS and Society},
	Chapter   = {8},
	Editor    = {Nyerges, Timothy L and Couclelis, Helen and McMaster, Robert},
	Pages     = {138-158},
	Publisher = {Sage},
	Title     = {{GIS} and {P}opulation {H}ealth: {A}n {O}verview},
	Year      = {2011}
}

@other{nhsscot2013a,
	Address     = {Glasgow},
	Author      = {Scott, Sonya and Curnock, Esther and Mitchell, Rory and Robinson, Mark and Taulbut, Martin and Tod, Elaine and McCartney, Gerry},
	Institution = {NHS Health Scotland},
	Title       = {What would it take to eradicate health inequalities?: Testing the fundamental causes theory of health inequalities in Scotland},
	Url         = {http://www.scotpho.org.uk/publications/reports-and-papers/1115-what-would-it-take-to-eradicate-health-inequalities-testing-the-fundamental-causes-theory-of-health-inequalities-in-scotland},
	Year        = {2013}
}

@other{sheffield-city-council2013a,
	Author  = {{{Sheffield City Council}}},
	Title   = {Sheffield's Electoral Wards},
	Url     = {https://www.sheffield.gov.uk/your-city-council/elections/wards.html},
	Urldate = {2013-10},
	Year    = {2013}
}

@incollection{stansfeld2006a,
	Address = {Oxford},
	Author = {Stansfeld, Stephen A},
	Booktitle = {Social Determinants of Health},
	Edition = {2nd},
	Editor = {Marmot, Michael and Wilkinson, R. G},
	Publisher = {Oxford University Press},
	Title = {Social support and social cohesion},
	Year = {2006}
}

@other{marmot2010a,
	Author    = {{{The Marmot Review Team}}},
	urldate   = {2013-10},
	Publisher = {{{University College London Institute of Health Equity}}},
	Title     = {Fair Society, Healthy Lives: The {M}armot Review},
	Url       = {http://www.instituteofhealthequity.org/projects/fair-society-healthy-lives-the-marmot-review},
	Year      = {2010}
}

@book{townsend1988a,
	Author    = {Townsend, Peter and Phillimore, Peter and Beattie, Alastair},
	Year      = {1988},
	Title     = {Health and Deprivation: Iinequality and the North},
	Address   = {Beckenham},
	Publisher = {Croom Helm},
}

@incollection{wilkinson2006a,
	Address = {Oxford},
	Author = {Wilkinson, R. G},
	Booktitle = {Social Determinants of Health},
	Edition = {2nd},
	Editor = {Marmot, Michael and Wilkinson, R. G},
	Publisher = {Oxford University Press},
	Title = {Ourselves and others---for better or worse: social vulnerability and inequality},
	Year = {2006}
}

@other{who1946a,
	Annote  = {1946 signed 1948 enacted},
	Author  = {{{World Health Organization}}},
	urldate = {2013-10},
	Title   = {Constitution of the World Health Organization},
	Url     = {http://www.who.int/governance/eb/constitution/en/},
	Year    = {1946}
}

@book{marmot2006a,
	Address = {Oxford},
	Edition = {2nd},
	Editor = {Marmot, Michael and Wilkinson, R. G},
	Publisher = {Oxford University Press},
	Title = {Social Determinants of Health},
	Year = {2006}
}

@book{bivand2013a,
	Address = {New York},
	Author = {Bivand, Roger S. and Pebesma, Edzer J. and G\'{o}mez-Rubio, Virgilio},
	Publisher = {Springer},
	Title = {Applied {S}patial {D}ata {A}nalysis with {R}},
	Edition = {2nd},
	Year = {2013}
}

@article{sherman2013a,
	Author  = {Sherman, Jennifer},
	Year    = {2013},
	Title   = {Surviving the {G}reat {R}ecession: growing need and the stigmatized safety net},
	Journal = {Social Problems},
	Volume  = {60},
	Number  = {4},
	Pages   = {409--432},
}

@article{gagnon2013a,
	Author  = {Gagnon, Anita, J. and Carnevale, Franco and Mehta, Praem and Rousseau, H\'el\`ene and Stewart, Donna E.},
	Year    = {2013},
	Title   = {Developing population interventions with migrant women for maternal--child health: a focused ethnography},
	Journal = {{BMC} {P}ublic {H}ealth},
	Volume  = {13},
	Number  = {471},
}

@article{poortinga2012a,
	Author  = {Poortinga, Wouter},
	Year    = {2012},
	Title   = {Community resilience and health: the role of bonding, bridging, and linking aspects of social capital},
	Journal = {Health \& {P}lace},
	Volume  = {18},
	Pages   = {286--295},
}

@article{tsuno2012a,
	Author  = {Tsuno, Yoko Sumikawa and Yamazaki, Yoshihiko},
	Year    = {2012},
	Title   = {Relationships among sense of coherence, resources, and mental health in urban and rural residents in {J}apan},
	Journal = {BMC {P}ublic {H}ealth},
	Volume  = {12},
	Number  = {1107},
}

@article{aranda2011a,
	Author  = {Aranda, Mar\'ia P. and Lincoln, Karen D.},
	Year    = {2011},
	Title   = {Financial strain, negative interaction, coping styles, and mental health among low--income {L}atinos},
	Journal = {Race and {S}ocial {P}roblems},
	Volume  = {3},
	Pages   = {280--297},
}

@article{chan2011a,
	Author  = {Chan, Tak Wing and Koo, Anita},
	Year    = {2011},
	Title   = {Parenting style and youth outcomes in the {UK}},
	Journal = {European Sociological Review},
	Volume  = {27},
	Number  = {3},
	Pages   = {385--399},
}

@article{attree2011a,
	Author  = {Attree, Pamela and French, Beverley and Milton, Beth and Povall, Susan and Whitehead, Margaret and Popay, Jenny},
	Year    = {2011},
	Title   = {The experience of community engagement for individuals: a rapid review of evidence},
	Journal = {Health and Social Care in the Community},
	Volume  = {19},
	Number  = {3},
	Pages   = {250--260},
}

@article{kiecolt2009a,
	Author  = {Kiecolt, K. Jill and Hughes, Michael},
	Year    = {2009},
	Title   = {Can a high sense of control and {J}ohn {H}enryism be bad for mental health?},
	Journal = {The Sociological Quarterly},
	Volume  = {50},
	Pages   = {693--714},
}

@article{grineski2009a,
	Author  = {Grineski, Sara E.},
	Year    = {2009},
	Title   = {Parental accounts of children's asthma care: the role of cultural and social capital in health disparities},
	Journal = {Sociological Focus},
	Volume  = {42},
	Number  = {2},
	Pages   = {107--132},
}

@article{bartley2007a,
	Author = {Bartley, Mel and Head, Jenny and Stansfeld, Stephen},
	Journal = {Social Science \& Medicine},
	Volume = {64},
	Pages = {765--775},
	Title = {Is attachment style a source of resilience against health inequalities at work?},
	Year = {2007}
}

@article{poetz2007a,
	Author = {Poetz, Anneliese and Eyles, John D. and Elliott, Susan and Wilson, Kathleen and Keller-Olaman, Susan},
	Journal = {Health and Social Care in the Community},
	Volume = {15},
	Number = {6},
	Pages = {542--552},
	Title = {Path analysis of income, coping and health at the local level in a {C}anadian context},
	Year = {2007}
}

@article{veenstra2005a,
	Author = {Veenstra, Gerry and Luginaah, Isaac and Wakefield, Sarah and Birch, Stephen and Eyles, John and Elliott, Susan},
	Journal = {Social Science \& Medicine},
	Volume = {60},
	Pages = {2799--2818},
	Title = {Who you know, where you live: social capital, neighbourhood and health},
	Year = {2005}
}

@article{flouri2014a,
	Author = {Flouri, Eirini and Midouhas, Emily and Joshi, Heather},
	Journal = {J Abnorm Child Psychol},
	Volume = {42},
	Pages = {1043--1056},
	Title = {Family poverty and trajectories of children's emotional and behavioural problems: the moderating roles of self-regulation and verbal cognitive ability},
	Year = {2014}
}

@article{albor2014a,
	Author = {Albor, C. and Uphoff, E. P. and Stafford, M. and Ballas, D. and Wilkinson, R. G. and Pickett, K. E.},
	Journal = {Social Science \& Medicine},
	Volume = {111},
	Pages = {1--9},
	Title = {The effects of socioeconomic incongruity in the neighbourhood on social support, self-esteem and mental health in {E}ngland},
	Year = {2014}
}

@article{thomas2014a,
	Author = {Thomas, Jenifer J. and Borrayo, Evelinn A.},
	Journal = {Women \& Health},
	Volume = {54},
	Number = {6},
	Pages = {530--551},
	Title = {The combined influence of Psychosocial factors on illness behavior among women},
	Year = {2014}
}

@article{byrd2013a,
	Author = {Byrd-Craven, Jennifer and Massey, Amber R.},
	Journal = {Nursing \& Health Sciences},
	Volume = {15},
	Pages = {374--378},
	Title = {Lean on me: {E}ffects of social support on low socioeconomic-status pregnant women},
	Year = {2013}
}

@article{fagg2013a,
	Author = {Fagg, James H. and Curtis, Sarah E. and Cummins, Steven and Stansfeld, Stephen A.},
	Journal = {Social Science \& Medicine},
	Volume = {91},
	Pages = {168--177},
	Title = {Neighbourhood deprivation and adolescent self-esteem: exploration of the `socio-economic equalisation in youth' hypothesis in {B}ritain and {C}anada},
	Year = {2013}
}

@article{nagi2013a,
	author  = {Cairns--Nagi, Joanne Marie and Bambra, Clare},
	year    = {2013},
	title   = {Defying the odds: a mixed-methods study of health resilience in deprived areas of {E}ngland},
	journal = {Social Science and Medicine},
	volume  = {91},
	pages   = {229--237},
}

@article{benzeval2013a,
	Author = {Benzeval, Michaela and Green, Michael J. and Macintyre, Sally},
	Journal = {{PLoS} {ONE}},
	Volume = {8},
	Number = {5},
	Title = {Does perceived physical attractiveness in adolescence predict better socioeconomic position in adulthood? {E}vidence from 20 years of follow up in a population cohort study},
	Year = {2013}
}

@article{macdonald2013a,
	Author = {MacDonald, Joanna Petrasek and Ford, James D. and Willox, Ashlee Cunsolo and Ross, Nancy A.},
	Journal = {International Journal of Circumpolar Health},
	Volume = {72},
	Title = {A review of protective factors and causal mechanisms that enhance the mental health of {I}ndigenour {C}ircumpolar youth},
	Year = {2013}
}

@article{deneve2012a,
	Author = {De Neve, Jan-Emmanuel and Oswald, Andrew J.},
	Journal = {PNAS},
	Volume = {109},
	Number = {49},
	Title = {Estimating the influence of life satisfaction and positive affect on later income using sibling fixed effects},
	Year = {2012}
}

@article{fenge2012a,
	Author = {Fenge, Lee-Ann and Hean, Sarah and Worswick, Louise and Wilkinson, Charlie and Fearnley, Stella and Ersser, Steve},
	Journal = {Health and Social Care in the Community},
	Volume = {20},
	Number = {6},
	Pages = {617--624},
	Title = {The impact of the economic recession on well-being and quality of life of older people},
	Year = {2012}
}

@article{cable2011a,
	Author = {Cable, Norike and Bartley, Mel and McMunn, Anne and Kelly, Yvonne},
	Journal = {European Journal of Public Health},
	Volume = {22},
	Number = {5},
	Pages = {653--658},
	Title = {Gender differences in the effect of breastfeeding on adult psychological well-being},
	Year = {2011}
}

@article{menne2012a,
	Author = {Menne-Lothmann, Claudia and Jacobs, Nele and Derom, Catherine and Thiery, Evert and van Os, Jim and Wichers, Marieke},
	Journal = {Behav Genet},
	Volume = {43},
	Pages = {778--786},
	Title = {Genetic and environmental causes of individual differences in daily life positive affect and reward experience and its overlap with stress-sensitivity},
	Year = {2012}
}

@article{jaser2012a,
	Author = {Jaser, Sarah S. and Faulkner, Melissa S. and Whittemore, Robin and Jeon, Sangchoon and Murphy, Kathryn and Delamater, Alan and Grey, Margaret},
	Journal = {Ann Behav Med},
	Volume = {43},
	Number = {3},
	Pages = {311--319},
	Title = {Coping, self-management, and adaptation in adolescents with {T}ype 1 diabetes},
	Year = {2012}
}

@article{flouri2012a,
	Author = {Flouri, Eirini and Mavroveli, Stella and Tzavidis, Nikos},
	Journal = {Soc Psychiatry Psychiatr Epidemiol},
	Volume = {47},
	Pages = {985--992},
	Title = {Cognitive ability, neighbourhood deprivation, and young children's emotional and behavioural problems},
	Year = {2012}
}

@article{cox2012a,
	Author = {Cox, Jared and Loughran, Mary Jo and Adams, Eve M. and Navarro, Rachel L.},
	Journal = {Psychology, Health \& Medicine},
	Volume = {17},
	Number = {6},
	Pages = {652--658},
	Title = {Life satisfaction and health related quality of life among low-income medical patients: the mediating influence of self-esteem},
	Year = {2012}
}

@article{miller2011a,
	Author = {Miller, Gregory E. and Lachman, Margie E. and Chen, Edith and Gruenewald, Tara L. and Karlamangla, Arun S. and Seeman, Teresa E.},
	Journal = {Psychol Sci},
	Volume = {22},
	Number = {12},
	Pages = {1591--1599},
	Title = {Pathways to resilience: maternal nurturance as a buffer against the effects of childhood poverty on metabolic syndrome at midlife},
	Year = {2011}
}

@article{hawkley2011a,
	Author = {Hawkley, Louise C. and Lavelle, Leah A. and Berntson, Gary G. and Cacioppo, John T.},
	Journal = {Psychophysiology},
	Volume = {48},
	Pages = {1134--1145},
	Title = {Mediators of the relationship between socioeconomic status and allostatic load in the {C}hicago {H}ealth, {A}ging, and {S}ocial {R}elations {S}tudy ({CHASRS})},
	Year = {2011}
}

@article{kellet2011a,
	Author = {Kellet, Stephen and Bickerstaffe, Darren and Purdie, Fiona and Dyke, Andrew and Filer, Sarah and Lomax, Victoria and Tomlinson, Hayley},
	Journal = {British Journal of Clinical Psychology},
	Volume = {50},
	Pages = {164--177},
	Title = {The clinical and occupational effectiveness of condition management for {I}ncapacity {B}enefit recipients},
	Year = {2011}
}

@article{steptoe2008a,
	Author = {Steptoe, Andrew and O'Donnell, Katie and Marmot, Michael and Wardle, Jane},
	Journal = {British Journal of Psychology},
	Volume = {99},
	Pages = {211--227},
	Title = {Positive affect and psychosocial processes related to health},
	Year = {2008}
}

@article{cassidy2005a,
	Author = {Cassidy, Tony},
	Journal = {British Journal of Guidance \& Counselling},
	Volume = {33},
	Number = {1},
	Pages = {51--66},
	Title = {Leisure, coping and health: the role of social, family, school and peer relationship factors},
	Year = {2005}
}

@article{rogers2008a,
	Author = {Rogers, Anne and Huxley, Peter and Evans, Sherrill and Gately, Claire},
	Journal = {Soc Psychiatry Psychiatr Epidemiol},
	Volume = {43},
	Pages = {364--372},
	Title = {More than jobs and houses: mental health, quality of life and the perceptions of locality in an area undergoing urban regeneration},
	Year = {2008}
}

@article{ellaway2004a,
	Author = {Ellaway, Anne and McKay, Laura and Macintyre, Sally and Hiscock, Rosemary},
	Journal = {International Journal of Epidemiology},
	Volume = {33},
	Pages = {1065--1071},
	Title = {Are social comparisons of homes and cars related to psychosocial health?},
	Year = {2004}
}

@book{booth2012a,
	Address = {London},
	Author = {Booth, Andrew and Papaioannou, Diana and Sutton, Andrew},
	Publisher = {Sage},
	Title = {Systematic approaches to a successful literature review},
	Year = {2012}
}

@other{prisma2013a,
	Author  = {{PRISMA}},
	urldate = {2015-01},
	Title   = {Transparent reporting of systematic reviews and meta-analyses},
	Year    = {2013},
	Url     = {http://www.prisma-statement.org}
}

@article{moher2009a,
	Author = {Moher, David and Liberati, Alessandro and Tetzlaff, Jennifer and Altman, Douglas G.},
	Journal = {BMJ},
	Volume = {339},
	Title = {Preferred reporting items for systematic reviews and meta-analyses: the {PRISMA} statement},
	Year = {2009}
}

@article{livingston2014a,
	Author = {Livingston, Mark and Lee, Duncan},
	Journal = {Health \& Place},
	Volume = {29},
	Pages = {1--9},
	Title = {``The {G}lasgow effect?''---The result of the geographical patterning of deprived areas?},
	Year = {2014}
}

@article{marmot1984a,
	Author = {Marmot, M. G. and Shipley, M. J. and Rose, Geoffrey},
	Journal = {The Lancet},
	Volume = {1},
	Issue = {8384},
	Pages = {1003--1006},
	Title = {Inequalities in death---specific explanations of a general pattern?},
	Year = {1984}
}

@other{wilkinson2003a,
  Author      = {Bartley, Mel and Blane, David and Brunner, Eric and Dorling, D. and Ferrie, Jane and Jarvis, Martin and Marmot, Michael and McCarthy, Mark and Shaw, Mary and Sheiham, Aubrey and Stansfeld, Stephen and Wadsworth, Mike and Wilkinson, Richard},
	Editor      = {Wilkinson, Richard and Marmot, Michael},
	Title       = {Social determinants of health: the solid facts},
	Edition     = {2},
	Institution = {World Health Organization},
	url         = {http://www.euro.who.int/en/publications/abstracts/social-determinants-of-health.-the-solid-facts},
	urldate = {2015-01},
	Year        = {2003}
}

@article{silverman2014a,
	Author = {Silverman, Marni N. and Deuster, Patricia A.},
	Journal = {Interface Focus},
	Volume = {4},
	Title = {Biological mechanisms underlying the role of physical fitness in health and resilience},
	Year = {2014}
}

@article{dibben2007a,
	Author = {Dibben, C. and Atherton, I. and Cox, M. and Watson, V. and Ryan, M. and Sutton, M.},
	Journal = {Department for Communities and Local Government},
	Title = {Investigating the impact of changing the weights that underpin the {I}ndex of {M}ultiple {D}eprivation 2004},
	Year = {2007}
}

@other{rabe2011a,
    Author    = {Rabe, Birgitta},
    Title     = {Geographical identifiers in Understanding Society},
    Institution = {Institute for {S}ocial and {E}conomic {R}esearch and {U}niversity of {E}ssex},
    URL = {https://www.understandingsociety.ac.uk/research/publications/working-paper/understanding-society/2011-01.pdf},
    Year      = {2011}
	}

@other{uclihe2014a,
    Author    = {{UCL Institute of Health Equity}},
    Title     = {Local action on health inequalities: Building children and young people's resilience in schools},
    Institution = {{Public Health England}},
    URL = {http://goo.gl/VWq6g1},
    Year      = {2014}
	}

@other{giuntoli2011a,
    Author    = {Giuntoli, Gianfranco and South, Jane and Kinsella, Karina and Karban, Kate},
    Title     = {Mental health, resilience and the recession in Bradford},
    Institution = {{Joseph Rowntree Foundation}},
    URL = {http://goo.gl/22K7Jo},
    Year      = {2011}
	}

@other{foot2010a,
    Author    = {Foot, Jane and Hopkins, Trevor},
    Title     = {A glass half-full: how an asset approach can improve community health and well-being},
    Institution = {{Improvement and Development Agency}},
    URL = {http://goo.gl/X0V4nG},
    Year      = {2010}
	}

@other{phe2013a,
    Author    = {{Public Health England}},
    Title     = {How healthy behaviour supports children's wellbeing},
    Institution = {{Public Health England}},
    URL = {http://goo.gl/9Gjt53},
    Year      = {2013}
}

@other{sdc2010a,
    Author    = {{Sustainable Development Commission}},
    Title     = {Improving young people's lives: the role of the environment in building resilience, responsibility and employment chances},
    Institution = {{Department for Education}},
    URL = {http://goo.gl/mc3jIl},
    Year      = {2010}
	}

@other{challen2011a,
    Author    = {Challen, Amy and Noden, Philip and West, Anne and Machin, Stephen},
    Title     = {UK resilience programme evaluation: final report},
    Institution = {{Department for Education}},
    URL = {http://goo.gl/EP7MeY},
    Year      = {2011}
	}

@article{garrido2014a,
	Author = {Garrido, Melissa M. and Kelley, Amy S. and Paris, Julia and Roza, Katherine and Meier, Diane E. and Morrison, R. Sean. and Aldridge, Melissa D.},
	Journal = {Health Services Research},
	Volume = {49},
	Issue = {5},
	Pages = {1701--1720},
	Title = {Methods for constructing and assessing propensity scores},
	Year = {2014}
}

@article{dugoff2014a,
	Author = {DuGoff, Eva H. and Schular, Megan and Stuart, Elizabeth A.},
	Journal = {Health Services Research},
	Volume = {49},
	Issue = {1},
	Pages = {284--303},
	Title = {Generalizing observational study results: applying propensity score methods to complex surveys},
	Year = {2014}
}

@book{heywood2011a,
	Address = {Harlow},
	Author = {Heywood, Ian and Cornelius, Sarah and Carver, Steve},
	Publisher = {Pearson},
	Title = {An introduction to geographical information systems},
	Edition = {4th},
	Year = {2011}
}

@article{pickett2015a,
	Author = {Pickett, K. and Wilkinson, R. G.},
	Journal = {Social Science \& Medicine},
	Volume = {128},
	Pages = {316--326},
	Title = {Income inequality and health: a causal review},
	Year = {2015}
}

@article{wickham2014a,
  author  = {Hadley Wickham},
  journal = {The Journal of Statistical Software},
  title   = {Tidy data},
  year    = {2014},
  volume  = {59},
  issue   = {10},
  url     = {http://www.jstatsoft.org/v59/i10/}
}

@book{wickham2015a,
  author    = {Wickham, Hadley},
  year      = {2015},
  title     = {Advanced {R}},
  address   = {Boca Raton, FL},
  publisher = {CRC Press; Taylor \& Francis Group}
}

@book{G.2009a,
  Editor = {G., Hilary},
	Publisher = {McGraw-Hill Open University Press},
	Address = {Maidenhead},
	Title = {Understanding Health Inequalities},
	Edition = {2nd},
	Year = {2009}
}

@other{ons2015a,
    author = {{Office for {N}ational {S}tatistics}},
    title  = {{SOC2010} volume 3: {N}ational {S}tatistics socio-economic classification ({NS-SEC} rebased on the {SOC2010})},
    url    = {http://goo.gl/Y8C6ML},
    year   = {2015}
	}

@other{ons2012a,
	author = {{Office for National Statistics}},
	title  = {A guide to labour market statistics},
	year   = {2012},
	url    = {http://goo.gl/3blZw8}
}

@article{cairns2012a,
	Author  = {Cairns, Joanne Marie and Curtis, S. E. and Bambra, Clare},
	Year    = {2012},
	Title   = {Defying deprivation: a cross-sectional analysis of area level health},
	Journal = {Health \& Place},
	Volume  = {18},
	Pages   = {928--933},
}

@article{tunstall2007a,
	author  = {Tunstall, H. and Mitchell, R. and Gibbs, J. and  Platt, S. and Dorling, D.},
	year    = {2007},
	title   = {Is economic adversity always a killer? {D}isadvantaged areas with relatively low mortality rates},
	journal = {Journal of Epidemiology and Community Health},
	volume  = {61},
	pages   = {337--343},
}

@book{schoon2006a,
	Author    = {Schoon, Ingrid},
	Year      = {2006},
	Title     = {Risk and resilience: adaptations in changing times},
	Address   = {Cambridge},
	Publisher = {Cambridge University Press},
}

@other{ruhbc2006a,
	Author       = {{Research Unit in Health, Behaviour and Change}},
	Year         = {2006},
	Title        = {Health and resilience: what does a resilience approach offer health research and policy?},
	url = {\url{http://goo.gl/2z3s1S}},
	urldate        = {2015-06},
}

@book{bartley2006b,
	editor       = {Bartley, Mel},
	year         = {2006},
	title        = {Capability and {R}esilience: {B}eating the {O}dds},
	url = {http://www.ucl.ac.uk/capabilityandresilience/beatingtheoddsbook.pdf},
	Publisher    = {UCL Department of Epidemiology and Public Health},
	urldate         = {2015-06},
}

@incollection{coote2009a,
	author    = {Coote, Anna},
	title     = {The uneven dividend: health and well-being in later life},
	year      = {2009},
	editor    = {Cann, Paul and Dean, Malcolm},
	booktitle = {Unequal ageing: the untold story of exclusion in old age},
	publisher = {The Policy Press},
	address   = {Bristol},
	pages     = {53--76}
}

@book{platt2011a,
	author    = {Platt, Lucinda},
	title     = {Understanding {I}nequalities: {S}tratification and {D}ifference},
	year      = {2011},
	publisher = {Polity Press},
	address   = {Cambridge}
}

@other{onsnda,
	author  = {{Office for National Statistics}},
	urldate = {2015-07},
	title   = {Guidance and methodology: regions (former {GORs}},
	url     = {http://goo.gl/nKJcQF},
	year    = {n.d.}
}

@other{ons2016a,
  author  = {{Office for National Statistics}},
  urldate = {2016-10},
  title   = {Output areas: introduction to output areas --- the building block of {C}ensus geography},
  url     = {https://www.ons.gov.uk/census/2001censusandearlier/dataandproducts/outputgeography/outputareas},
  year     = {2016},
}

@other{ons2016b,
  author  = {{Office for National Statistics}},
  urldate = {2016-10},
  title   = {Output geography},
  url     = {http://www.ons.gov.uk/census/2011census/howourcensusworks/howwetookthe2011census/howweplannedfordatadelivery/outputgeography},
  year    = {ndc},
}

@other{govuk2016a,
  author  = {{Gov.uk}},
  year    = {2016},
  title   = {What qualification levels mean},
  url     = {https://www.gov.uk/what-different-qualification-levels-mean/overview},
  urldate = {2017-02},
}

@other{govuk2016b,
  author  = {{Gov.uk}},
  year    = {2016},
  title   = {What qualification levels mean: list of qualification levels},
  url     = {https://www.gov.uk/what-different-qualification-levels-mean/list-of-qualification-levels},
  urldate = {2017-02},
}

@article{fienberg1970a,
	Author = {Fienberg, Stephen E.},
	Journal = {The {A}nnals of {M}athematical {S}tatistics},
	Title = {An iterative procedure for estimation in contingency tables},
	Volume = {41},
	Number = {3},
	Pages = {907--917},
	Url = {http://goo.gl/J9SvNL},
	Year = {1970}
}

@incollection{tanton2013a,
	Author    = {Tanton, Robert and Edwards, Kimberley},
	Year      = {2013a},
	Title     = {Introduction to spatial microsimulation: history, methods and applications},
	Editor    = {Tanton, R. and Edwards, K.L.},
	Booktitle = {Spatial {M}icrosimulation: a reference guide for users},
	Publisher = {Springer},
	Address   = {Dordrecht},
}

@article{tanton2014a,
	Author = {Tanton, Robert},
	Journal = {International {J}ournal of {M}icrosimulation},
	Title = {A Review of Spatial Microsimulation Methods},
	Volume = {7},
	Number = {1},
	Year = {2014},
	Pages = {4--25}
}

@other{ipfp2013a,
  title  = {ipfp: Fast implementation of the iterative proportional fitting procedure in C},
  author = {Alexander W Blocker},
  year   = {2013},
  note   = {R package version 1.0},
  url    = {http://CRAN.R-project.org/package=ipfp}
}

@book{lovelace2016a,
	title     = {Spatial microsimulation with {R}},
	author    = {Lovelace, R. and Dumont, Morgane},
	year      = {2016},
	address   = {Boca Raton, FL},
	publisher = {CRC Press; Taylor \& Francis},
}

@other{git,
	author  = {Torvalds, Linus},
	title   = {git: distributed version control system},
	url     = {https://git-scm.com/},
	urldate = {2015-10},
	year    = {2015}
}

@other{github,
	author  = {{GitHub, Inc.}},
	title   = {Git{H}ub},
	Year    = {2015},
	urldate = {2017-09},
	url     = {https://github.com}
}

@incollection{cassells2013a,
	Address   = {Dordrecht},
	Publisher = {Springer},
	Author    = {Cassells, Rebecca and Miranti, Riyana and Harding, Ann},
	Booktitle = {Spatial {M}icrosimulation: a reference guide for users},
	Editor    = {Tanton, Robert and Edwards, Kimberley L.},
	Title     = {Building a static spatial microsimulation model: data preparation},
	Year      = {2013}
}

@incollection{anderson2013a,
	Address   = {Dordrecht},
	Publisher = {Springer},
	Author    = {Anderson, Ben},
	Booktitle = {Spatial {M}icrosimulation: a reference guide for users},
	Editor    = {Tanton, Robert and Edwards, Kimberley L.},
	Title     = {Estimating small-area income deprivation: an iterative proportional fitting approach},
	Year      = {2013},
}

@incollection{edwards2013a,
	Address = {Dordrecht},
	Publisher = {Springer},
	Author = {Edwards, Kimberly L. and Clarke, G.},
	Booktitle = {Spatial {M}icrosimulation: a reference guide for users},
	Editor = {Tanton, Robert and Edwards, Kimberley L.},
	Title = {{SimObesity}: combinatorial optimisation (deterministic) model},
	Year = {2013}
}

@article{orcutt1962a,
 	title   = {Microanalytic models of the {U}nited {S}tates economy: need and development},
 	author  = {Orcutt, Guy H.},
 	journal = {The {A}merical {E}conomic {R}eview},
 	year    = {1962},
 	volume  = {52},
 	number  = {2},
 	pages   = {229--240},
 	url     = {http://www.jstor.org/stable/1910887}
 }

@article{orcutt1960a,
  author  = {Orcutt, Guy H.},
  title   = {Simulation of economic systems},
  journal = {The {A}merical {E}conomic {R}eview},
  volume  = {50},
  number  = {5},
  year    = {1960}
}

@article{clarke1985a,
  author  = {Clarke, M and Wilson, A. G},
  title   = {The dynamics of urban spatial structure: the progress of a research programme},
  journal = {Transactions of the {I}nstitute of {B}ritish {G}eographers},
  volume  = {10},
  number  = {4},
	pages   = {427--451},
  url     = {http://www.jstor.org/stable/621890},
  year    = {1985}
}

@incollection{williamson2013a,
  author    = {Williamson, Paul},
  title     = {An evaluation of two synthetic small-area microdata simulation methodologies: synthetic reconstruction and combinatorial optimisation},
  editor    = {Tanton, Robert and Edwards, K. L.},
  booktitle = {Spatial microsimulation: a reference guide for users},
  publisher = {Springer},
  address   = {Dordrecht},
  year      = {2013}
}

@other{ons2015b,
	Author  = {{Office for National Statistics}},
	urldate = {2015-10},
	Title   = {Output Area (OA)},
	Url     = {http://www.ons.gov.uk/ons/guide-method/geography/beginner-s-guide/census/output-area--oas-/index.html},
	Year    = {2015},
}

@incollection{tanton2013b,
  author    = {Tanton, Robert and Edwards, Kimberley L.},
  title     = {Limits of static spatial microsimulation models},
  editor    = {Tanton, Robert and Edwards, Kimberley L.},
  booktitle = {Spatial microsimulation: a reference guide for users},
  publisher = {Springer},
  address   = {Dordrecht},
  year      = {2013b},
}

@other{ons2012b,
	Author = {{Office for National Statistics}},
	urldate = {2015-10},
	Title = {Lookups between 2011 {C}ensus output areas and other geographies},
	Url = {http://goo.gl/dJIWRJ},
	Year = {2012}
}

@other{dclg2015a,
	Author = {{Department for Communities and Local Government}},
	Title = {English indices of deprivation 2015},
	Url = {https://goo.gl/h7QmXT},
	Urldate = {2015-10},
	Year = {2015}
}

@article{ballas2005a,
	author    = {Ballas, D. and Rossiter, D. and Thomas, B. and Clarke, G. and Dorling, D.},
	year      = {2005},
	Title     = {Geography matters: simulating the local impacts of national social policies},
	publisher = {Joseph Rowntree Foundation},
	url       = {https://www.jrf.org.uk/report/geography-matters-simulating-local-impacts-national-social-policies},
}

@article{ballas2005b,
	Author  = {Ballas, D. and Clarke, G. and Dorling, D. and Eyre, H. and Thomas, B. and Rossiter, D.},
	year    = {2005b},
	title   = {Sim{B}ritain: a spatial microsimulation approach to population dynamics},
	journal = {Population, Space and Place},
	volume  = {11},
	pages   = {13--34},
}

@other{ons2015c,
	author   = {{Office for National Statistics}},
	title    = {2011 Area Classifications},
	url      = {http://goo.gl/AFmfkx},
	year     = {2015},
	urldate = {2015-10},
}

@other{moj2011a,
	author = {{Ministry of Justice}},
	title  = {Prison population bulletin: Monthly March 2011},
	url    = {https://goo.gl/OPK2SR},
	year   = {2011},
	urldate = {2015-10}
}

@other{ons2014b,
	author = {{Office for National Statistics}},
	title  = {2011 {C}ensus variable and classification information: part 4 derived variables},
	url    = {http://goo.gl/BN0LDp},
	year   = {2014},
	urldate = {2015-10}
}

@other{moj2015a,
	author = {{Ministry of Justice}},
	title  = {Prisons in England and Wales},
	url    = {http://www.justice.gov.uk/contacts/prison-finder},
	year   = {2015},
	urldate = {2015-10}
}

@other{kaminska2015a,
	author = {Kaminska, Olena},
	title  = {Understanding {S}ociety user support: support \#437},
	url    = {https://goo.gl/Mv62Zx},
	year   = {2015},
	urldate = {2015-10}
}

@other{cqc2016a,
	author = {{Care Quality Commission}},
	year   = {2016},
	title  = {619 results from our latest checks on all services in {D}oncaster local authority},
	url    = {https://goo.gl/NhRi48},
	urldate = {2016-10}
}

@article{fazel2011a,
  author  = {Fazel, Seena and Baillargeon, Jacques},
  title   = {The health of prisoners},
  journal = {Lancet},
  volume  = {377},
  number  = {9769},
  pages   = {956--965},
  year    = {2011}
}

@other{ons2015d,
	author = {{Office for National Statistics}},
	title  = {2011 {C}ensus microdata individual safeguarded sample (local authority): {E}ngland and {W}ales},
	url    = {http://dx.doi.org/10.5255/UKDA-SN-7682-1},
	year   = {2015},
	urldate = {2015-12}
}

@incollection{edwards2013b,
	Address = {Dordrecht},
	Publisher = {Springer},
	Author = {Edwards, Kimberley L. and Tanton, Robert},
	Booktitle = {Spatial {M}icrosimulation: a reference guide for users},
	Editor = {Tanton, Robert and Edwards, Kimberley L.},
	Title = {Validation of spatial microsimulation models},
	Year = {2013}
}

@article{smith2011a,
  author  = {Smith, Dianna M. and Pearce, Jamie R. and Harland, Kirk},
  title   = {Can a deterministic spatial microsimulation model provide reliable
small-area estimates of health behaviours? {A}n example of smoking
prevalence in {N}ew {Z}ealand},
  journal = {Health \& Place},
  volume  = {17},
  number  = {2},
  pages   = {618--624},
  url     = {http://www.sciencedirect.com/science/article/pii/S1353829211000037},
  year    = {2011}
}

@other{nzmbie2015a,
	author = {{New Zealand Ministry of Business, Innovation and Employment}},
	title  = {Modelled Territorial Authority Gross Domestic Product},
	url    = {https://goo.gl/XuQqjy},
	year   = {2015},
	urldate = {2015-12}
}

@article{ballas2007a,
  author  = {Ballas, D. and Clarke, G. and Dorling, D. and Rossiter, David},
  title   = {Using {S}im{B}ritain to model the geographical impact of national government policies},
  journal = {Geographical Analysis},
  volume  = {39},
  pages   = {44--77},
  year    = {2007}
}

@article{lovelace2013b,
  author  = {Lovelace, R. and Ballas, D.},
  title   = {`Truncate, replicate, sample': {A} method for creating integer weights for
spatial microsimulation},
  journal = {Computers, Environment and Urban Systems},
  volume  = {41},
  pages   = {1--11},
  url     = {http://www.sciencedirect.com/science/article/pii/S0198971513000240},
  year    = {2013}
}

@article{smith2009a,
  author  = {Smith, Dianna M. and Clarke, G. P. and Harland, Kirk},
  title   = {Improving the synthetic data generation process in spatial microsimulation models},
  journal = {Environment and Planning A},
  volume  = {41},
  pages   = {1251--1268},
  year    = {2009}
}

@article{voas2000a,
  author  = {Voas, David and Williamson, Paul},
  title   = {An Evaluation of the Combinatorial Optimisation Approach to the Creation of Synthetic Microdata},
  journal = {International Journal of Population Geography},
  volume  = {6},
  pages   = {349--366},
  year    = {2000}
}

@article{edwards2011a,
  author  = {Edwards, K. L. and Clarke, G. P. and Thomas, James and Forman, David},
  title   = {Internal and external validation of spatial microsimulation models: small area estimates of adult obesity},
  journal = {Applied Spatial Analysis \& Policy},
  volume  = {4},
  pages   = {281--300},
  year    = {2011}
}

@article{bell2002a,
  author  = {Bell, M. and Blake, M. and Boyle, P. and Duke-Williams, O. and Rees, P. and Stillwell, J. Hugo, G.},
  title   = {Cross-national comparison of internal migration: issues and measures},
  journal = {Journal of the Royal Statistical Society A},
  volume  = {165},
  number  = {3},
  pages   = {435--464},
  year    = {2002}
}

@book{knies2015a,
	editor    = {Knies, Gundi},
	publisher = {University of Essex, Institute for Social and Economic Research},
  address   = {Colchester},
	title     = {Understanding {S}ociety---{UK} household longitudinal study: waves 1--5, 2009--2014, user manual},
	url       = {https://goo.gl/vfXNpZ},
	Year      = {2015}
}

@article{maheswaran2014a,
  author  = {Maheswaran, Ravi and Pearson, Tim and Strong, Mark and Clifford, Phil and Brewins, Louise and Wight, Jeremy},
  title   = {Assessing the impact of selective migration and care homes on geographical inequalities in health: a total population cohort study in Sheffield},
  journal = {Spatial and Spatio-temporal Epidemiology},
  volume  = {10},
  pages   = {85--97},
  url     = {http://dx.doi.org/10.1016/j.sste.2014.06.001},
  year    = {2014}
}

@article{blane1994a,
	title   = {Social patterning of medical mortality in youth and early adulthood},
  journal = {Social Science \& Medicine},
	volume  = {39},
  number  = {3},
	pages   = {361--366},
	year    = {1994},
  url     = {http://goo.gl/cboLko},
  author  = {Blane, D. and Bartley, M. and Davey Smith, G. and Filakti, H. and Bethune, A. and Harding, S.},
}

@article{west1997a,
  author  = {West, Patrick},
  title   = {Health inequalities in the early years: is there equalisation in youth?},
  journal = {Social Science \& Medicine},
  volume  = {44},
  number  = {6},
  pages   = {833--858},
  url     = {http://goo.gl/9Rr02i},
  year    = {1997}
}

@article{brereton2008a,
  author  = {Brereton, Finbarr and Clinch, J. Peter and Ferreira, Susana},
  title   = {Happiness, geography and the environment},
  journal = {Ecological Economics},
  volume  = {65},
  pages   = {386--396},
  year    = {2008}
}

@other{pse2015a,
	author      = {{Poverty and {S}ocial {E}xclusion}},
	title       = {Income threshold approach},
	url         = {http://goo.gl/LLdQKM},
	year        = {2015},
	urldate = {2016-01}
}

@incollection{senior2002a,
	author    = {Senior, M},
	title     = {Deprivation indicators},
	year      = {2002},
	editor    = {Rees, P and Martin, D and Williamson, P},
	booktitle = {The Census Data System},
	publisher = {John Wiley \& Sons},
	address   = {Chichester}
}

@article{luthar2000a,
  author  = {Luthar, Suniya and Cicchetti, Dante and Becker, Bronwyn},
  title   = {The construct of resilience: a critical evaluation and guidelines for future work},
  journal = {Child Development},
  volume  = {71},
  number  = {3},
  pages   = {543--562},
  year    = {2000}
}

@other{ons2013b,
	Author = {{Office for National Statistics}},
	urldate = {2016-03},
	Title = {County and unitary authorities ({E}+{W}) 2012 Boundaries (Full, Extent)},
	Url = {https://data.gov.uk/dataset/county-and-unitary-authorities-ew-2012-boundaries-full-extent},
  Publisher = {Data.gov.uk},
	Year = {2013}
}

@other{legislation2015a,
  Author      = {Legislation.gov.uk},
  Title       = {The {D}oncaster ({E}lectoral {C}hanges) {O}rder 2015},
  Url         = {http://www.legislation.gov.uk/uksi/2015/114/made},
  Year        = {2015},
  urldate = {2016-03}
}

@other{nationalarchives2016a,
  Author = {{Office for National Statistics} and {National Archives}},
  Title  = {Census 2011: Questionnaires, delivery, completion and return},
  Url    = {http://goo.gl/LqiRTF},
  Year   = {2011, 2016},
  urldate = {2016-03}
}

@article{garmezy1984a,
  Author  = {Garmezy, Norman and Masten, Ann S. and Tellegen, Auke},
  Year    = {1984},
  Title   = {The study of stress and competence in children: a building block for developmental psychopathology},
  Journal = {Child {D}evelopment},
  Volume  = {55},
  Number  = {1},
  Pages   = {97--111},
  Url     = {http://www.jstor.org/stable/1129837}
}

@incollection{wilkinson2006b,
  Author    = {Wilkinson, Richard},
  Editor    = {Bartley, Mel},
  Year      = {2006},
  Title     = {Foreward},
  booktitle = {Capability and resilience: beating the odds},
  publisher = {UCL {D}epartment of {E}pidemiology and {P}ublic {H}ealth},
  Url       = {http://www.ucl.ac.uk/capabilityandresilience/beatingtheoddsbook.pdf}
}

@article{garmezy1974a,
  Author  = {Garmezy, Normal and Streitman, Sandra},
  Year    = {1974},
  Title   = {Children at risk: the search for the antecedents of schizophrenia. Part 1: conceptual models and research methods},
  Journal = {Schizophrenia Bulletin},
  Volume  = {1},
  Number  = {8},
  Pages   = {14--90},
  Url     = {http://goo.gl/kVgmbq}
}

@book{werner1977a,
  Author    = {Werner, Emmy E. and Smith, Ruth S.},
  Year      = {1977},
  Title     = {Kauai's children come of age},
  Publisher = {The University Press of Hawaii},
  Address   = {Honolulu}
}

@other{dmbc2015a,
  Author      = {{Doncaster Metropolitan Borough Council}},
  Title       = {Electoral review},
  Year        = {2015},
  urldate = {2016-04},
  Url         = {http://www.doncaster.gov.uk/services/the-council-democracy/electoral-review}
}

@book{werner1992a,
  Author    = {Werner, Emmy E. and Smith, Ruth S.},
  Year      = {1992},
  Title     = {Overcoming the odds: high risk children from birth to adulthood},
  Address   = {Ithaca},
  Publisher = {Cornell University Press}
}

@article{rutter1987a,
  Author  = {Rutter, Michael},
  Year    = {1987},
  Title   = {Psychosocial resilience and protective mechanisms},
  Journal = {Amer. J. Orthopsychiat.},
  Volume  = {57},
  Number  = {3}
}

@article{sameroff1983a,
  Author  = {Sameroff, Arnold J. and Seifer, Ronald},
  Year    = {1983},
  Title   = {Familial risk and child competence},
  Journal = {Child {D}evelopment},
  Volume  = {54},
  Pages   = {1254--1268}
}

@incollection{sameroff1990a,
    Author    = {Sameroff, Arnold J. and Seifer, Ronald},
    Year      = {1990},
    Title     = {Early contributors to developmental risk},
    Editor    = {Rolf, Jon and Masten, Ann S. and Cicchetti, Dante and Neuchterlein, Keith H. and Weintraub, Sheldon},
    Booktitle = {Risk and protective factors in the development of psychopathology},
    Address   = {Cambridge},
    Publisher = {Cambridge University Press}
}

@incollection{odougherty1990a,
    Author    = {O'Dougherty, Margaret and Wright, Francis S.},
    Year      = {1990},
    Title     = {Children born at medical risk: factors affecting vulnerability and resilience},
    Editor    = {Rolf, Jon and Masten, Ann S. and Cicchetti, Dante and Neuchterlein, Keith H. and Weintraub, Sheldon},
    Booktitle = {Risk and protective factors in the development of psychopathology},
    Address   = {Cambridge},
    Publisher = {Cambridge University Press}
}

@book{rose1992a,
    Author    = {Rose, Geoffrey Arthur},
    Year      = {1992},
    Title     = {The strategy of preventive medicine},
    Address   = {Oxford},
    Publisher = {Oxford University Press}
}

@article{garmezy1986a,
  author  = {Garmezy, Norman and Masten, Ann S.},
  year    = {1986},
  title   = {Stress, competence, and resilience: common frontiers for therapist and psychopathologist},
  journal = {Behavior {T}herapy},
  volume  = {17},
  pages   = {500--521}
}

@article{sacker2009a,
  author  = {Sacker, A and Worts, D and McDonough, P},
  year    = {2009},
  title   = {Social influences on trajectories of self-rated health: evidence from {B}ritain, {G}ermany, {D}enmark and the {USA}},
  journal = {Journal of Epidemiology and Community Health},
  volume  = {65},
  number  = {2},
  pages   = {130--136}
}

@article{hosseinpour2012a,
  author  = {Hosseinpour, A R and Stewart Williams, J and Amin, A, and Araujo de Carvalho, I and Beard, J and Boerma, T and Kowal, P and Naidoo, N and Chatterji S},
  year    = {2012},
  title   = {Social determinants of self--reported health in women and men: understanding the role of gender in population health},
  journal = {PLoS ONE},
  volume  = {7},
  number  = {4},
  doi     = {10.1371/journal.pone.0034799}
}

@other{phea,
  author      = {{Public Health England}},
  year        = {nd},
  title       = {Longer lives},
  url         = {http://healthierlives.phe.org.uk/topic/mortality},
  urldate = {2016-10}
}

@other{ons2015e,
  author      = {{Office for National Statistics}},
  year        = {2015},
  title       = {Life expectancy at birth and age 65 by local areas in {E}ngland and {W}ales},
  urldate = {2016-10},
  url         = {https://goo.gl/fkdpBp}
}

@manual{travisci,
  author = {{Travis CI, GmbH}},
  year   = {2016},
  title  = {Travis {CI}},
  url    = {https://travis-ci.com/}
}

@manual{codecov,
  author = {{Codecov LLC}},
  year   = {2016},
  title  = {Codecov: code coverage done right},
  url    = {https://codecov.io/}
}

@manual{ubuntu,
  author = {Canonical},
  year   = {2016},
  title  = {Ubuntu},
  url    = {https://www.ubuntu.com/desktop/developers}
}

@incollection{grinberger2017a,
  author    = {Grinberger, A. Yair and Felsenstein, Daniel},
  year      = {2017},
  title     = {A tale of two earthquakes: dynamic agent--based simulation of urban resilience},
  editor    = {Lombard, John R. and Stern, Eliahu and Clarke, G.},
  booktitle = {Applied Spatial Modelling and Planning},
  publisher = {Routledge},
  address   = {Abingdon}
}

@other{phe2015a,
  author       = {{Public Health England}},
  year         = {2015},
  title        = {Mortality rankings},
  url = {http://healthierlives.phe.org.uk/topic/mortality/comparisons#are//par/E92000001/ati/101/pat/101},
  urldate         = {2017-01},
}

@other{phe2016a,
  author       = {{Public Health England}},
  year         = {2016},
  title        = {Common mental health disorders},
  url = {http://fingertips.phe.org.uk/profile-group/mental-health/profile/common-mental-disorders},
  urldate         = {2017-4}
}

@other{ons2014c,
  author       = {{Office for National Statistics}},
  year         = {2014},
  title        = {2011 {C}ensus glossary of terms},
  url = {https://www.ons.gov.uk/ons/guide-method/census/2011/census-data/2011-census-data/2011-first-release/2011-census-definitions/2011-census-glossary.pdf},
  urldate         = {2017-01}
}

@book{donoghue2013a,
  author    = {O'Donoghue, Cathal and Ballas, D. and Clarke, G. and Hynes, Stephen and Morrisey, Karyn},
  year      = {2013},
  title     = {Introduction},
  editor    = {O'Donoghue, Cathal and Ballas, D. and Clarke, G. and Hynes, Stephen and Morrisey, Karyn},
  booktitle = {Spatial microsimulation for rural policy analysis},
  address   = {Heidelberg; New York; Dordrecht; London},
  publisher = {Springer},
}

@incollection{ballas2013a,
  author    = {Ballas, D. and Clarke, G. and Hynes, Stephen and Lennon, John and Morrissey, Karyn and O'Donoghue, Cathal},
  year      = {2013},
  title     = {A review of microsimulation for policy analysis},
  editor    = {O'Donoghue, Cathal and Ballas, D. and Clarke, G. and Hynes, Stephen and Morrisey, Karyn},
  booktitle = {Spatial microsimulation for rural policy analysis},
  address   = {Heidelberg; New York; Dordrecht; London},
  publisher = {Springer},
}

@article{birkin1988a,
  author  = {Birkin, M and Clarke, M},
  year    = {1988},
  title   = {{SYNTHESIS}---a synthetic spatial information system for urban and regional analysis: methods and examples},
  journal = {Environment and Planning A},
  volume  = {20},
  pages   = {1645--1671},
}

@article{birkin1989a,
  author  = {Birkin, M and Clarke, M},
  year    = {1989},
  title   = {The generation of individual and household incomes at the small area level using {S}ynthesis},
  journal = {Regional Studies},
  volume  = {23},
  number  = {6},
  pages   = {535--548},
}

@article{clarke1984a,
  author  = {Clarke, Martin and Spowage, M. E.},
  year    = {1984},
  title   = {Integrated models for public policy analysis: an example of the practical use of simulation models in health care planning},
  journal = {Papers of the Regional Science Association},
  volume  = {55},
}

@article{smith2006a,
  author = {Smith, Dianna M and Clarke, G. P and Ransley, Joan and Cade, Janet},
  year   = {2006},
  title  = {Food access and health: a microsimulation framework for analysis},
  journal = {Studies in Regional Science},
  volume  = {35},
  number  = {4},
  pages   = {909--927},
  doi     = {http://doi.org/10.2457/srs.35.909},
  url     = {https://www.jstage.jst.go.jp/article/srs/35/4/35_4_909/_article},
}

@article{procter2008a,
  author  = {Procter, K. L. and Clarke, G. P. and Ransley, J. K. and Cade, J.},
  year    = {2008},
  title   = {Micro--level analysis of childhood obesity, diet, physical activity, residential and social capital variables: where are the obesogenic environments in {L}eeds?},
  journal = {Area},
  volume  = {40},
  number  = {3},
  pages   = {323--340},
}

@article{edwards2009a,
  author  = {Edwards, K. L. and Clarke, G. P.},
  year    = {2009},
  title   = {The design and validation of a spatial microsimulation model of obesogenic environments for children in {L}eeds, {UK}: {S}im{O}besity},
  journal = {Social Science and Medicine},
  volume  = {69},
  pages   = {1127--1134},
}

@article{edwards2010a,
  author  = {Edwards, K. L. and Clarke, G. P. and Ransley, J. K. and Cade, J.},
  year    = {2010},
  title   = {The neighbourhood matters: studying exposures relevant to childhood obesity and the policy implications in {L}eeds, {UK}},
  journal = {Journal of Epidemiology and Community Health},
  volume  = {64},
  number  = {3},
  url     = {http://jech.bmj.com/content/64/3/194}
}

@article{morrissey2010a,
  author  = {Morrissey, Karyn and Hynes, Stephen and Clarke, G. and O'Donoghue, Cathal},
  year    = {2010},
  title   = {Examining the factors associated with depression at the small area level in {I}reland using spatial microsimulation techniques},
  journal = {Irish Geography},
  volume  = {45},
  number  = {1},
  pages   = {1--22},
  doi     = {http://dx.doi.org/10.1080/00750771003696489},
}

@incollection{morrissey2013a,
  author    = {Morrissey, Karyn and Ballas, D. and Clarke, G. and Hynes, Stephen and O'Donoghue, Cathal},
  year      = {2013},
  title     = {Spatial access to health services},
  editor    = {O'Donoghue, Cathal and Ballas, D. and Clarke, G. and Hynes, Stephen and Morrisey, Karyn},
  booktitle = {Spatial microsimulation for rural policy analysis},
  address   = {Heidelberg; New York; Dordrecht; London},
  publisher = {Springer},
}

@article{campbell2016a,
  author  = {Campbell, Malcolm and Ballas, D.},
  year    = {2016},
  title   = {{S}im{A}lba: a spatial microsimulation approach to the analysis of health inequalities},
  journal = {Frontiers in Public Health},
  volume  = {4},
}

@article{tomintz2008a,
  author  = {Tomintz, Melanie N. and Clarke, G. P. and Rigby, Janette E.},
  year    = {2008},
  title   = {The geography of smoking in {L}eeds: estimating individual smoking rates and the implications for the location of stop smoking services},
  journal = {Area},
  volume  = {30},
  number  = {3},
  pages   = {341--353},
}

@article{campbell2013a,
  author  = {Campbell, Malcolm and Ballas, D.},
  year    = {2013},
  title   = {A spatial microsimulation approach to economic policy analysis in {S}cotland},
  journal = {Regional Science Policy \& Practice},
  volume  = {5},
  number  = {3},
}

@other{ukds-us,
  author       = {{UK Data Service}},
  year         = {2016},
  title        = {UK {D}ata {S}ervice data catalogue record for {U}nderstanding {S}ociety: waves 1--6, 2009--2015},
  url = {https://discover.ukdataservice.ac.uk/catalogue/?sn=6614&type=Data%20catalogue},
  urldate        = {2017-02},
}

@other{don-lmp,
  author       = {{Nomis} and {Office for National Statistics}},
  year         = {2017},
  title        = {Labour market profile - {D}oncaster},
  url = {https://www.nomisweb.co.uk/reports/lmp/la/1946157121/report.aspx?town=doncaster},
  urldate        = {2017-02}
}

@book{lumley2010a,
  author    = {Lumley, Thomas},
  year      = {2010},
  title     = {Complex surveys: a guide to analysis using {R}},
  address   = {Hoboken, NJ},
  publisher = {Wiley},
}

@other{onsndb,
  author       = {{Office for National Statistics}},
  year         = {n.d.},
  title        = {Statistical disclosure control for 2011 Census},
  url = {https://goo.gl/5DjiYF},
  urldate        = {2017-02},
}

@other{govuk2017a,
  author = {{Gov.UK}},
  year   = {2017},
  title  = {Personal {I}ndependence {Payment} {(PIP)}},
  url = {https://www.gov.uk/pip/overview},
  urldate        = {2017-03},
}

@other{postcode-imd,
  author = {{Swirrl IT Ltd.} and {Department for Communities and Local Government}},
  year   = {2017},
  title  = {English indices of deprivation 2015: postcode lookup},
  url = {http://imd-by-postcode.opendatacommunities.org/},
  urldate        = {2017-03},
}

@other{qof,
  author = {{NHS Digital}},
  year   = {2016},
  title  = {Quality and {O}utcomes {F}ramework},
  url = {http://content.digital.nhs.uk/qof},
  urldate        = {2017-04},
}

@other{qof-indicators,
  author = {{NHS Employers}},
  year   = {2011--2012},
  title  = {Summary of 2011/12 {QOF} indicator changes, points and thresholds},
  url = {https://goo.gl/L1HQnj},
  urldate        = {2017-04},
}

@other{ons2015f,
  author = {{Office for National Statistics}},
  year   = {2015},
  title  = {Pen portraits for the 2011 area classification for output areas},
  url = {https://goo.gl/SBozTV},
  urldate        = {2017-04},
}

@other{htq,
  author = {{Harvard Program in Refugee Trauma}},
  year   = {2011},
  title  = {Harvard {T}rauma {Q}uestionnaire ({HTQ})},
  url = {\url{http://hprt-cambridge.org/screening/harvard-trauma-questionnaire/}},
  urldate        = {2017-04},
}

@bookchaper{eriksson2017a,
  author = {Eriksson, Monica and Mittelmark, Maurice B.},
  year   = {2017},
  title  = {The sense of coherence and its measurement},
  booktitle = {The handbook of salutogenesis},
  editors   = {Mittelmark, M.B. and Sagy, S. and Eriksson, M. and Bauer, G. and Pelikan, J.M. and Lindstr\"{o}m, B. and Espnes, G.A.},
  publisher = {Springer},
  address   = {Switzerland},
  url   = {http://link.springer.com/content/pdf/10.1007/978-3-319-04600-6.pdf},
}

@article{schmitt2005a,
  author  = {Schmitt, David P. and Allik, J\"{u}ri},
  year    = {2005},
  title   = {Simultaneous administration of the {R}osenberg {S}elf--{E}steem {S}cale in 53 nations: exploring the universal and culture--specific features of global self--esteem},
  journal = {Journal of Personality and Social Psychology},
  volume  = {89},
  number  = {4},
  pages   = {623--642},
}

@book{rosenberg1965a,
  author = {Rosenberg, Morris},
  year   = {1965},
  title  = {Society and the adolescent self-image},
  publisher = {Princeton University Press},
  address   = {Princeton, New Jersey},
}

@article{blickem2013a,
  author = {Blickem, C and Blakeman, T and Kennedy, A and Bower, P and Reeves, D and Gardner, C and Lee, V and Chew-G., C and Richardson, G and Brooks, H and Dawson, S and Mossabir, R and Jariwala, P and Swallow, A and Kontopantelis, E and Gaffney, H and Small, N and Spackman, E and Rogers, A},
  year   = {2013},
  title  = {The clinical and cost-effectiveness of the {BRinging} {I}nformation and {G}uided {H}elp {T}ogether ({BRIGHT}) intervention for the self-management support of people with stage 3 chronic kidney disease in primary care: study protocol for a randomized controlled trial},
  journal = {Trials},
  volume  = {14},
  number  = {28},
}

@article{palmer2015a,
  author = {Palmer, SC and Hanson, CS and Craig, JC and Strippoli, GFM and Ruospo, M and Campbell, K and Johnson, DW and Tong, A},
  year   = {2015},
  title  = {Dietary and fluid restrictions in {CKD}: a thematic synthesis of patient views from qualitative studies},
  journal = {Americal Journal Of Kidney Diseases},
  volume  = {65},
  number  = {4},
}

@phdthesis{knott2013a,
	author = {Knott, Katy Elizabeth},
	school = {University of Leicester},
	title  = {Alcohol consumption and adherence to self--care behaviours in {T}ype 2 diabetes: the inclusion of brief interventions for alcohol in diabetes care},
	year   = {2013},
	url = {https://lra.le.ac.uk/handle/2381/28265},
	urldate        = {2017-04},
}

@article{phelan2004a,
  author = {Phelan, Jo C. and Link, Bruce G. and Diez--Roux, Ana and Kawachi, Ichiro and Levin, Bruce},
  year   = {2004},
  title  = {"Fundamental causes" of social inequalities in mortality: a test of the theory},
  journal = {Journal of Health and Social Behavior},
  volume  = {45},
  pages   = {265--285},
}

@article{mackenbach2015a,
  author = {Mackenbach, Johan P. and Kulhanova, Ivana and Bopp, Matthias and Deboosere, Patrick and Eikemo, Terje A. and Hoffmann, Rasmus and Kulik, Margarete C. and Leinsalu, Mall and Martikainen, Pekka and Menvielle, Gwenn and Regidor, Enrique and Wojtyniak, Bogdan and Ostergren, Olof and Lundberg, Olle},
  year   = {2015},
  title  = {Variations in the relation between education and cause-specific mortality in 19 {E}uropean populations: a test of the 'fundamental causes' theory of social inequalities in health},
  journal = {Social Science \& Medicine},
  volume  = {127},
  pages   = {51--62},
}

@article{mottus2012a,
  author = {M\~{o}ttus, Rene and Gale, Catharine R and Starr, John M and Deary, Ian J},
  year   = {2012},
  title  = {'On the street where you live': neighbourhood deprivation and quality of life among community--dwelling older people in {E}dinburgh, {S}cotland},
  journal = {Social Science \& Medicine},
  volume  = {74},
  issue   = {9},
  pages   = {1368--1374},
}

@article{matthews2012a,
  author  = {Matthews, Susan and Sykes, Susie},
  year    = {2012},
  title   = {Exploring Health Priorities for Young People Leaving Care},
  journal = {Child Care in Practice},
  volume  = {18},
  issue   = {4},
  pages   = {393-407},
}

@phdthesis{cameron2013a,
    author = {Cameron, Josh},
    year   = {2013},
    title  = {Work--related needs and experiences of people recovering from mental health problems},
    school = {University of Brighton},
    urldate  = {2017-04},
    url = {http://eprints.brighton.ac.uk/12263/},
}

@article{haycock2014a,
  author  = {Haycock, David and Smith, Andy},
  year    = {2014},
  title   = {Sports participation and health during periods of educational transition: a study of 30--35 year--olds in north--west {E}ngland},
  journal = {Sport, Education and Society},
  volume  = {19},
  issue   = {2},
  pages   = {168--185},
}

@article{lai2014a,
    author = {Lai, Wei Wei and Oei, Tian Po S},
    year   = {2014},
    title  = {Coping in Parents and Caregivers of Children with {A}utism {S}pectrum {D}isorders ({ASD}): a Review},
    journal = {Review Journal of Autism and Developmental Disorders},
    volume  = {1},
    issue   = {3},
    pages   = {207--224},
}

@article{wel2015a,
    author = {Wel, Kjetil A and Bambra, Clare and Dragano, Nico and Eikemo, Terje A and Lunau, Thorsten},
    year   = {2015},
    title  = {Risk and resilience: health inequalities, working conditions and sickness benefit arrangements: an analysis of the 2010 {E}uropean {W}orking {C}onditions survey},
    journal = {Sociology of Health \& Illness},
    volume  = {37},
    issue   = {8},
    pages   = {1157--1172},
}

@article{robinson2015a,
    author = {Robinson, Mark and Raine, Gary and Robertson, Steve and Steen, Mary and Day, Rhiannon},
    year   = {2015},
    title  = {Peer support as a resilience building practice with men},
    journal = {Journal of Public Mental Health},
    volume  = {14},
    number  = {4},
    pages   = {196--204},
}

@article{erskine2016a,
    author  = {Erskine, J and Kvavilashvili, L and Myers, L and Leggett, S and Davies, S and Hiskey, S and Hogg, J and Yeo, S and Georgiou, G},
    year    = {2016},
    title   = {A longitudinal investigation of repressive coping and ageing},
    journal = {Aging \& Mental Health},
    volume  = {20},
    number  = {10},
}

@article{mastrocola2015a,
    author = {Mastrocola, EL and Taylor, AK and Chew--G., C},
    year   = {2015},
    title  = {Access to healthcare for long-term conditions in women involved in street-based prostitution: a qualitative study},
    journal = {BMC Family Practice},
    volume = {16},
}

@article{bambra2015a,
    author  = {Bambra, C and Cairns, JM and Kasim, A and Smith, J and Robertson, S and Copeland, A and Johnson, K},
    year    = {2015},
    title   = {This divided land: An examination of regional inequalities in exposure to brownfield land and the association with morbidity and mortality in England},
    journal = {Health & Place},
    volume  = {34},
}

@article{sull2015a,
    author  = {Sull, A and Harland, N and Moore, A},
    year    = {2015},
    title   = {Resilience of health-care workers in the UK and a cross-sectional survey},
    journal = {Journal Of Occupational Medicine And Toxicology},
    volume  = {10},
}

@article{glonti2015a,
    author  = {Glonti, K and Gordeev, VS and Goryakin, Y and Reeves, A and Stuckler, D and McKee, M and Roberts, B},
    year    = {2015},
    title   = {A Systematic Review on Health Resilience to Economic Crises},
    journal = {Plos One},
    volume  = {10},
    number  = {4},
}

@article{reeves2014a,
    author  = {Reeves, D and Blickem, C and Vassilev, I and Brooks, H and Kennedy, A and Richardson, G and Rogers, A},
    year    = {2014},
    title   = {The Contribution of Social Networks to the Health and Self-Management of Patients with Long--Term Conditions: A Longitudinal Study},
    journal = {Plos One},
    volume  = {9},
    number  = {6},
}

@article{bellis2014a,
    author  = {Bellis, MA and Hughes, K and Leckenby, N and Perkins, C and Lowey, H},
    year    = {2014},
    title   = {National household survey of adverse childhood experiences and their relationship with resilience to health--harming behaviors in {E}ngland},
    journal = {BMC Medicine},
    volume  = {12},
}

@article{johnston2013a,
    author  = {Johnston, DW and Schurer, S and Shields, MA},
    year    = {2013},
    title   = {Exploring the intergenerational persistence of mental health: Evidence from three generations},
    journal = {Journal Of Health Economics},
    volume  = {32},
    number  = {6},
}

@article{fenge2012a,
    author  = {Fenge, Lee-Ann and Hean, S and Worswick, L and Wilkinson, C and Fearnley, S and Ersser, S},
    year    = {2012},
    title   = {The impact of the economic recession on well--being and quality of life of older people},
    journal = {Health And Social Care In The Community},
    volume  = {20},
    number  = {6},
    Pages   = {617–624},
}

@article{cable2012a,
    author  = {Cable, Noriko and Bartley, Mel and McMunn, Anne and Kelly, Yvonne},
    year    = {2012},
    title   = {Gender differences in the effect of breastfeeding on adult psychological well--being},
    journal = {European Journal Of Public Health},
    volume  = {22},
    number  = {5},
}

@other{rs25,
  author = {{The Resilience Centre}},
  year   = {2017},
  title  = {True {R}esilience {S}cale},
  url = {http://www.resiliencecenter.com/assessments/true-resilience-scale/},
  urldate        = {2017-04},
}

@other{ias2014a,
  author = {{Institute of Alcohol Studies}},
  year   = {2014},
  title  = {Alcohol pricing factsheet},
  url = {http://www.ias.org.uk/uploads/pdf/Factsheets/Alcohol%20pricing%20factsheet%20April%202014.pdf},
  urldate        = {2017-05},
}

@other{cmo2016a,
  author = {{Department of Health} and {Welsh Government} and {Department of Health (NI)} and {Scottish Government}},
  year   = {2016},
  title  = {{UK} {C}hief {M}edical {O}fficers' low risk drinking guidelines},
  url = {https://www.gov.uk/government/uploads/system/uploads/attachment_data/file/545937/UK_CMOs__report.pdf},
  urldate        = {2017-05},
}

@article{yu2003a,
  author  = {Yu, Jiang},
  year    = {2003},
  title   = {The association between parental alcohol--related behaviors and children’s drinking},
  journal = {Drug and Alcohol Dependence},
  volume  = {69},
  pages   = {253--262},
}

@article{nash2005a,
  author = {Nash, Susan G. and McQueen, Amy and Bray, James H.},
  year   = {2005},
  title  = {Pathways to adolescent alcohol use: family environment, peer influence,
and parental expectations},
  journal = {Journal of Adolescent Health},
  volume  = {37},
  pages   = {19--28},
}

@other{wagnild-priv-comm,
  author = {Wagnild, Gail},
  year   = {2017},
  title  = {Personal communication},
  urldate  = {2017-05},
}

@article{webber2007a,
  author  = {Martin P. Webber and Peter J. Huxley},
  year    = {2007},
  title   = {Measuring access to social capital: the validity and reliability of the {R}esource {G}enerator--{UK} and its association with common mental disorder },
  journal = {Social Science \& Medicine},
  volume  = {65},
  number  = {3},
  pages   = {481 - 492},
  doi     = {https://doi.org/10.1016/j.socscimed.2007.03.030},
  url     = {http://www.sciencedirect.com/science/article/pii/S0277953607001578},
}

@article{choi2013a,
  author = {Choi, Heejeong and Marks, Nadine},
  year   = {2013},
  title  = {Marital quality, socioeconomic status, and physical health},
  journal = {Journal of Marriage and Family},
  volume  = {75},
  issue   = {4},
  pages   = {903--919},
}

@article{robards2012a,
  author = "James Robards and Maria Evandrou and Jane Falkingham and Athina Vlachantoni",
  year   = "2012",
  title  = "Marital status, health and mortality ",
  journal = "Maturitas ",
  volume  = "73",
  number  = "4",
  pages   = "295 - 299",
  doi = "https://doi.org/10.1016/j.maturitas.2012.08.007",
  url = "http://www.sciencedirect.com/science/article/pii/S0378512212002691",
}

@other{tillman2017a,
  author = {Tillman, Lee and Simmonds, Mark and Marsh, Chris},
  year   = {2017},
  title  = {Borough Strategy Progress: Update for Team Doncaster},
  publisher = {Team Doncaster},
  note      = {[Presentation, obtained in private communication with Mott, Laurie]},
}

@other{bibby2013a,
  author = {Peter Bibby and Paul Brindley},
  year   = {2013},
  title  = {Urban and rural area definitions for policy purposes in {E}ngland and {W}ales: methodology (v1.0)},
  publisher = {Department for Environment\, Food \& Rural Affairs and Department for Communities and Local Government and Office for National Statistics and Welsh Government},
  url = {https://www.gov.uk/government/uploads/system/uploads/attachment_data/file/239477/RUC11methodologypaperaug_28_Aug.pdf},
  urldate        = {2017-05},
}

@other{bibby2013b,
  author = {Peter Bibby and Paul Brindley},
  year   = {2013},
  title  = {The 2011 rural--urban classification for small area geographies: a user guide and frequently asked questions (v1.0)},
  publisher = {Department for Environment\, Food \& Rural Affairs and Department for Communities and Local Government and Office for National Statistics and Welsh Government},
  url = {https://www.gov.uk/government/uploads/system/uploads/attachment_data/file/239478/RUC11user_guide_28_Aug.pdf},
  urldate        = {2017-05},
}

@other{cqc2017a,
  author = {{Care Quality Commission}},
  year   = {2017},
  title  = {CQC care directory - zip format},
  url = {https://goo.gl/bNrhfg},
  urldate = {2017-06},
}

@other{google-geocode,
  author = {{Google}},
  year   = {2017},
  title  = {Google {M}aps {G}eocoding {API}},
  url = {https://developers.google.com/maps/documentation/geocoding/start},
  urldate = {2017-06},
}

@other{google-places,
  author = {{Google}},
  year   = {2017},
  title  = {Google {M}aps {P}laces {API}},
  url = {https://developers.google.com/places/},
  urldate = {2017-07},
}

@other{poverty,
  author = {Palmer, Guy},
  year   = {2013},
  title  = {Choices of low--income threshold},
  url = {http://www.poverty.org.uk/summary/income%20intro.shtml},
  urldate = {2017-06},
}

@other{ons2013c,
  author = {{Office for National Statistics}},
  year   = {2013},
  title  = {Middle income households, 1977--2011/12},
  url = {https://www.ons.gov.uk/ons/dcp171776_341133.pdf},
  urldate = {2017-06},
}

@other{mpse2016,
  author    = {Tinson, Adam and Ayrton, Carla and Barker, Karen and Born, Theo Barry and Aldridge, Hannah and Kenway, Peter},
  year      = {2016},
  title     = {Monitoring poverty and social exclusion 2016},
  publisher = {Joseph Rowntree Foundation},
  url = {https://www.jrf.org.uk/report/monitoring-poverty-and-social-exclusion-2016},
  urldate        = {2017-06},
}

@other{jrf-poverty,
  author = {{Joseph Rowntree Foundation}},
  year   = {n.d.},
  title  = {What is poverty?},
  url = {https://www.jrf.org.uk/our-work/what-is-poverty},
  urldate        = {2017-07},
}

@other{knies2016a,
  editor = {Knies, Gundi},
  year   = {2016},
  title  = {{U}nderstanding {S}ociety: the {UK} household longitudinal survey waves 1--6 user guide},
  url = {https://www.understandingsociety.ac.uk/d/308/mainstage-waves-1-6-user-guide.pdf?1479807450},
  urldate        = {2017-06},
}

@other{nomis2016a,
  author = {Nomis},
  year   = {2016},
  title  = {Earnings by place of residence (2016)},
  url = {https://www.nomisweb.co.uk/reports/lmp/la/1946157121/subreports/ashew_time_series/report.aspx?},
  note = {[calculated from ONS annual survey of hours and earnings - resident analysis; available online]},
  urldate = {2017-07},
}

@other{uc-replace,
  author = {{Gov.uk}},
  year   = {2017},
  title  = {Universal {C}redit: if you're claiming other benefits},
  url = {https://www.gov.uk/universal-credit/claiming-other-benefits},
  urldate = {2017-07},
}

@other{uc-eligibility,
  author = {{Gov.uk}},
  year   = {2017},
  title  = {Universal {C}redit: what you'll get},
  url = {https://www.gov.uk/universal-credit/what-youll-get},
  urldate        = {2017-07},
}

@other{benefit-cap,
  author = {{Gov.uk}},
  year   = {2017},
  title  = {Benefits cap: benefit cap amounts},
  url = {https://www.gov.uk/benefit-cap/benefit-cap-amounts},
  urldate        = {2017-07},
}

@other{dhp-shelter,
  author = {{Shelter}},
  year   = {2016},
  title  = {Discretionary housing payments ({DHP})},
  url = {https://england.shelter.org.uk/housing_advice/housing_benefit/discretionary_housing_payments_dhp},
  urldate        = {2017-07},
}

@other{dhp-gov,
  author = {{Department for Work and Pensions}},
  year   = {2017},
  title  = {Use of {D}iscretionary {H}ousing {P}ayments {GB}: analysis of returns from local authorities, April 2016 -- March 2017},
  publisher    = {Gov.uk},
  url = {https://goo.gl/Bzkzqq},
  urldate  = {2017-07},
}

@other{os-greenspace,
  author = {{Ordnance Survey}},
  year   = {2017},
  title  = {{OS} {O}pen {G}reenspace},
  url = {https://www.ordnancesurvey.co.uk/business-and-government/products/os-open-greenspace.html},
  urldate        = {2017-07},
}

@article{courtin2017a,
  Author  = {Courtin, Emilie and Knapp, Martin},
  Year    = {2017},
  Title   = {Social isolation, loneliness and health in old age: a scoping review},
  Journal = {Health \& Social Care in the Community},
  Volume  = {25},
  Number  = {3},
  Pages   = {799--812},
  DOI     = {10.1111/hsc.12311},
}

@article{matthews2015a,
  Author  = {Matthews, Timothy and Danese, Andrea and Wertz, Jasmin and Ambler,
   Antony and Kelly, Muireann and Diver, Ashleen and Caspi, Avshalom and
   Moffitt, Terrie E. and Arseneault, Louise},
  Year    = {2015},
  Title   = {Social isolation and mental health at primary and secondary school entry: a longitudinal cohort study},
  Journal = {Journal of the American Academy of Child and Adolescent Psychiatry},
  Volume  = {54},
  Number  = {3},
  Pages   = {225--232},
  DOI     = {\url{10.1016/j.jaac.2014.12.008}},
}

@article{gehrsitz2017a,
  author  = {Gehrsitz, Markus},
  year    = {2017},
  title   = {The effect of low emission zones on air pollution and infant health},
  journal = {Journal of Environmental Economics and Management},
  volume  = {83},
  pages   = {121--144},
  doi     = {\url{http://dx.doi.org/10.1016/j.jeem.2017.02.003}},
}

@other{who2016a,
  author = {{World Health Organization}},
  year   = {2016},
  title  = {Ambient air pollution: a global assessment of exposure and burden of disease},
  url = {http://www.who.int/phe/publications/air-pollution-global-assessment/en/},
  urldate        = {2017-07},
}

@other{presser2016a,
  author = {Presser, Lizzie},
  year   = {2016},
  title  = {Changeover to universal credit is driving people into long--term debt},
  publisher = {Guardian},
  url = {https://www.theguardian.com/society/2016/jan/27/changeover-to-universal-credit-driving-people-into-debt},
  urldate = {2017-07},
}

@article{williamson1998a,
  author = {Williamson, P and Birkin, M and Rees, P H},
  year   = {1998},
  title  = {The estimation of population microdata by using data from small area statistics and samples of anonymised records},
  journal = {Environment and Planning A},
  volume  = {30},
  pages   = {785--816},
}

@other{nhs-chd,
  author = {{NHS Choices}},
  year   = {2016},
  title  = {Cardiovascular disease},
  url = {http://www.nhs.uk/Conditions/cardiovascular-disease/Pages/Introduction.aspx},
  urldate        = {2017-07},
}

@article{pascal2013a,
  author  = {Pascal, M. and Corso, M. and Chanel, O. and Declercq, C. and Badaloni, C. and Cesaroni, G. and Henschel, S. and Meister, K. and Haluza, D. and Martin--Olmedo, P. and Medina, S.},
  year    = {2013},
  title   = {Assessing the public health impacts of urban air pollution in 25 {E}uropean cities: results of the {A}phekom project},
  journal = {Science of The Total Environment},
  volume  = {449},
  pages   = {390--400},
  doi     = {\url{https://doi.org/10.1016/j.scitotenv.2013.01.077}},
}

@other{who-ageing,
  author = {{World Health Organization}},
  year   = {2015},
  title  = {Ageing and health},
  url = {http://www.who.int/mediacentre/factsheets/fs404/en/},
  urldate = {2017-07},
}

@other{ageuk-conditions,
  author = {{Age UK}},
  year   = {2017},
  title  = {Conditions and illnesses},
  url = {http://www.ageuk.org.uk/health-wellbeing/conditions-illnesses/},
  urldate = {2017-07},
}

@other{mason2017a,
  author = {Mason, Rowena},
  year   = {2017},
  title  = {Universal credit rollout should be delayed as it is 'failing too many people': {C}itizens {A}dvice produces fresh evidence that new benefit is causing debt and financial insecurity among recipients},
  url = {https://www.theguardian.com/society/2017/jul/06/universal-credit-rollout-should-be-delayed-as-it-is-failing-too-many-people},
  urldate = {2017-07},
}

@other{butler2017a,
  author = {Butler, Patrick and Asthana, Anushka},
  year   = {2017},
  title  = {Universal credit flaws pushing claimants towards debt and eviction: recipients falling into rent arrears because of payment delays, forcing them to turn to food banks, Guardian investigation reveals},
  url = {https://goo.gl/wWTPzz},
  urldate = {2017-07},
}

@article{kioumourtzoglou2017a,
  author = {Kioumourtzoglou, M. and Power, M. and Hart, J. E. and Okereke, O. I. and Coull, B. A. and Laden, F. and Weisskopf, M. G.},
  year   = {2017},
  title  = {The association between air pollution and onset of depression among middle--aged and older women},
  journal = {American Journal of Epidemiology},
  volume  = {185},
  number  = {9},
  pages   = {801--809},
}

@article{pruckner2017a,
  author = {Pruckner, N. and Holthoff--Detto, V.},
  year   = {2017},
  title  = {Antidepressant pharmacotheraphy in old--age depression: a review and clinical approach},
  journal = {European Journal of Clinical Pharmacology},
  volume  = {73},
  pages   = {661--667},
}

@article{pantzar2017a,
  author = {Pantzar, A. and Atti, R. A. and Fratiglioni, L. and Fastbom, J. and B{\"{a}}ckman, L. and Laukka, E. J.},
  year   = {2017},
  title  = {Cognitive performance in unipolar old--age depression: a longitudinal study},
  journal = {International Journal of Geriatric Psychiatry},
  volume  = {32},
  pages   = {675--684},
}

@article{tarricone2012a,
  author = {Tarricone, I. and Stivanello, E. and Poggi, F. and Castorini, V. and Marseglia, V. and Fantini, M. P. and Berardi, D.},
  year   = {2012},
  title  = {Ethnic variation in the prevalence of depression and anxiety in primary care: a systematic review and meta--analysis},
  journal = {Psychiatry Research},
  volume  = {195},
  number  = {3},
  pages   = {91--106},
  doi     = {http://dx.doi.org/10.1016/j.psychres.2011.05.020},
}

@article{mukherjee2016a,
  author = {Mukherjee, S. and Trepka, M. J. and Pierre--Victor, D. and Bahelah, R. and Avent, T.},
  year   = {2016},
  title  = {Racial/ethnic disparities in antenatal depression in the {U}nited
{S}tates: a systematic review},
  journal  = {Matern Child Health J},
  volume   = {20},
  pages    = {1780--1797},
  doi      = {0.1007/s10995-016-1989-x},
}

@article{poynter2009a,
  author = {Poynter, B. and Hon, M. S. and Diaz--Granados, N and Kapral, M. and Grace, S. L. and Stewart, D. E.},
  year   = {2009},
  title  = {Sex differences in the prevalence of post--stroke depression: a systematic review},
  journal = {Psychosomatics},
  volume  = {50},
  number  = {6},
  pages   = {563--569},
  doi     = {http://dx.doi.org/10.1016/S0033-3182(09)70857-6},
}

@article{jefferis2010a,
	author = {Jefferis, B. J. and Nazareth, I. and Marston, L. and , and King, M.},
	year   = {2010},
	title  = {024 prospective cohort study of unemployment and clinical depression in {E}urope and {C}hile: the {P}redict study},
	volume = {64},
	number = {Suppl 1},
	pages  = {A9--A10},
	doi    = {10.1136/jech.2010.120956.24},
	publisher = {BMJ Publishing Group Ltd},
	journal = {Journal of Epidemiology \& Community Health},
}

@article{khlat2004a,
 author = {Khlat, M. and Sermet, C. and Le Pape, A.},
 year   = {2004},
 title  = {Increased prevalence of depression, smoking, heavy drinking and use of psycho--active drugs among unemployed men in {F}rance},
 journal = {European Journal of Epidemiology},
 number  = {5},
 pages   = {445--451},
 publisher = {Springer},
 volume  = {19},
}

@article{stankunas2006a,
  author = {Stankunas, M. and Kalediene, R, and Starkuviene, S. and Kapustinskiene, V.},
  year   = {2006},
  title  = {Duration of unemployment and depression: a cross-sectional survey in {L}ithuania},
  journal = {BMC Public Health},
  volume  = {6},
  number  = {174},
  doi     = {10.1186/1471-2458-6-174},
}

@article{mossakowski2009a,
  author = {Mossakowski, K.},
  year   = {2009},
  title  = {The Influence of Past Unemployment Duration on Symptoms of Depression Among Young Women and Men in the {U}nited {S}tates},
  journal = {American Journal of Public Health},
  volume  = {99},
  number  = {10},
  pages   = {1826--1832},
  doi     = {10.2105/AJPH.2008.152561},
}

@article{mclaren2015a,
  author  = {McLaren, M. E. and Szymkowicz, S. M. and Kirton, J. W. and Dotson, V. M.},
  year    = {2015},
  title   = {Impact of education on memory deficits in subclinical depression},
  journal = {Archives of Clinical Neuropsychology},
  volume  = {30},
  number  = {5},
  pages   = {387--393},
  doi     = {10.1093/arclin/acv038},
}

@article{korhonen2017a,
  author  = {Korhonen, K. and Remes, H. and Martikainen, P.},
  year    = {2017},
  title   = {Education as a social pathway from parental socioeconomic position to depression in late adolescence and early adulthood: a {F}innish population--based register study},
  journal = {Social Psychiatry and Psychiatric Epidemiology},
  volume  = {52},
  number  = {1},
  pages   = {105--116},
  doi     = {10.1007/s00127-016-1296-2},
}

@article{hiilamo2014a,
  author = {Hiilamo, H.},
  year   = {2014},
  title  = {Is Income Inequality ‘Toxic for Mental Health’? An Ecological Study on Municipal Level Risk Factors for Depression},
  journal = {PLoS ONE},
  volume  = {9},
  number  = {3},
  doi     = {10.1371/journal.pone.0092775},
}

@article{vanDeurzen2015a,
  author = {van Deurzen, I. and van Ingen, E. and van Oorschot, W. J. H.},
  year   = {2015},
  title  = {Income Inequality and Depression: The Role of Social Comparisons and Coping Resources},
  journal = {European Sociological Review},
  volume = {31},
  number = {4},
  pages  = {477--489},
  doi    = {10.1093/esr/jcv007},
}

@article {cleal2017a,
  author = {Cleal, B. and Panton, U. H. and Willaing, I. and Holt, R. I. G.},
  year   = {2017},
  title  = {Diabetes and depression in {D}enmark 1996--2010: national data stratified by occupational status and annual income},
  journal = {Diabetic Medicine},
  volume = {34},
  number = {1},
  doi    = {10.1111/dme.13187},
  pages  = {108--114},
}

@article{reeves2016a,
  author = {Reeves, A. and McKee, M. and Clair, A. and Stuckler, D.},
  year   = {2016},
  title  = {Reductions in housing benefit increases symptoms of depression in low--income {UK} households},
  journal = {European Journal of Public Health},
  volume = {26},
  doi    = {10.1093/eurpub/ckw172.053},
}

@article{corman2016a,
  author  = {Corman, H. and Curtis, M. A. and Noonan, K. and Reichman, N. E.},
  title   = {Maternal depression as a risk factor for children's inadequate housing conditions},
  journal = {Social Science & Medicine},
  volume  = {149},
  pages   = {76--83},
  year    = {2016},
  doi     = {http://dx.doi.org/10.1016/j.socscimed.2015.11.054},
}

@article{cosco2017a,
  author = {Cosco, T. D. and Kaushal, A. and Hardy, R. and Richards, M. and Kuh, D. and Stafford, M.},
  year   = {2017},
  title  = {Operationalising resilience in longitudinal studies: a systematic review of methodological approaches},
  journal = {J Epidemiol Community Health},
  volume  = {71},
  pages   = {98--104},
}

@article{sanchez2008a,
  author = {Sanchez-Villegas, Almudena and Schlatter, Javier and Ortuno, Felipe and Lahortiga, Francisca and Pla, Jorge and Benito, Silvia and Martinez-Gonzalez, Miguel A.},
  title = {Validity of a self-reported diagnosis of depression among participants in a cohort study using the Structured Clinical Interview for {DSM-IV} ({SCID-I})},
  journal = {BMC Psychiatry},
  year    = {2008},
  volume  = {8},
  number  = {1},
  pages   = {43},
  url     = {https://doi.org/10.1186/1471-244X-8-43},
}

@article{mertz1991a,
  author = {Mertz, J.},
  year   = {1991},
  title  = {Microsimulation: a survey of principles, developments and applications},
  journal = {International Journal of Forecasting},
  volume  = {7},
  pages   = {77--104},
}

@article{johnston1993a,
  author = {Johnston, R.J. and Pattie, C.J.},
  title  = {Entropy-Maximizing and the {I}terative {P}roportional {F}itting Procedure},
  journal = {The Professional Geographer},
  volume  = {45},
  number  = {3},
  pages   = {317--322},
  year    = {1993},
  URL = {http://dx.doi.org/10.1111/j.0033-0124.1993.00317.x},
}

@article{lovelace2015a,
  author = {Lovelace, Robin and Birkin, Mark and Ballas, Dimitris and van Leeuwen, Eveline},
  year   = {2015},
  title  = {Evaluating the Performance of {I}terative	{P}roportional {F}itting for	Spatial	Microsimulation: New Tests for an Established	Technique},
  journal = {Journal of Artificial Societies and Social Simulation},
  volume  = {18},
  number  = {2},
  url     = {http://jasss.soc.surrey.ac.uk/18/2/21.html},
}

@article{fienberg1970a,
  author = {Fienberg, Stephen E},
  year   = {1970},
  title  = {An iterative procedure for estimation in contingency tables},
  journal = {The Annals of Mathematical Statistics},
  volume  = {41},
  number  = {3},
  pages   = {907--917},
}

@other{national-travel-survey,
  author = {{Department for Transport}},
  year   = {2017},
  title  = {National {T}ravel {S}urvey: 2016},
  url    = {https://www.gov.uk/government/statistics/national-travel-survey-2016},
  urldate = {2018-01},
}

@article{fernandez2016a,
  author = {Fernandez, Rodrigo and Aalbers, Manuel B},
  year   = {2016},
  title  = {Financialization and housing: between globalization and varieties of capitalism},
  journal = {Competition & Change},
  volume  = {20},
  number  = {2},
  pages   = {71--88},
  doi     = {10.1177/1024529415623916}
}

@article{monk2015a,
  author = {Monk, Rebecca Louise and Heim, Derek and Qureshi, Adam and Price, Alan},
  year   = {2015},
  title  = {``I Have No Clue What I Drunk Last Night'': Using Smartphone Technology to Compare In--Vivo and Retrospective Self--Reports of Alcohol Consumption},
  journal = {PLoS ONE},
  volume  = {10},
  number  = {5},
  doi     = {10.1371/journal.pone.0126209},
}
